@article{Abrams1995,
author = {Abrams, M D and Mostoller, S A},
doi = {10.1093/treephys/15.6.361},
issn = {0829-318X},
journal = {Tree Physiology},
number = {6},
pages = {361--370},
title = {{Gas exchange, leaf structure and nitrogen in contrasting successional tree species growing in open and understory sites during a drought}},
volume = {15},
year = {1995}
}
@article{Adams2016,
author = {Adams, Mark A and Turnbull, Tarryn L and Sprent, Janet I and Buchmann, Nina},
doi = {10.1073/pnas.1523936113},
issn = {10916490},
journal = {Proceedings of the National Academy of Sciences of the United States of America},
number = {15},
pages = {4098--4103},
pmid = {27035971},
title = {{Legumes are different: Leaf nitrogen, photosynthesis, and water use efficiency}},
volume = {113},
year = {2016}
}
@article{Ainsworth2002,
author = {Ainsworth, Elizabeth A and Davey, Phillip A and Bernacchi, Carl J and Dermody, Orla C and Heaton, Emily A and Moore, David J and Morgan, Patrick B and Naidu, Shawna L and Ra, Hyung Shim Yoo and Zhu, Xin Guang and Curtis, Peter S and Long, Stephen P},
doi = {10.1046/j.1365-2486.2002.00498.x},
issn = {13541013},
journal = {Global Change Biology},
number = {8},
pages = {695--709},
title = {{A meta-analysis of elevated [CO$_2$] effects on soybean (\textit{Glycine max}) physiology, growth and yield}},
volume = {8},
year = {2002}
}
@article{Ainsworth2005,
author = {Ainsworth, Elizabeth A and Long, Stephen P},
doi = {10.1111/j.1469-8137.2004.01224.x},
issn = {0028646X},
journal = {New Phytologist},
number = {2},
pages = {351--372},
pmid = {15720649},
title = {{What have we learned from 15 years of free-air CO$_2$ enrichment (FACE)? A meta-analytic review of the responses of photosynthesis, canopy properties and plant production to rising CO$_{2}$}},
volume = {165},
year = {2005}
}
@article{Ainsworth2007,
author = {Ainsworth, Elizabeth A and Rogers, Alistair},
doi = {10.1111/j.1365-3040.2007.01641.x},
issn = {01407791},
journal = {Plant, Cell and Environment},
number = {3},
pages = {258--270},
title = {{The response of photosynthesis and stomatal conductance to rising [CO$_2$]: mechanisms and environmental interactions}},
volume = {30},
year = {2007}
}
@article{Allison2008a,
author = {Allison, Steven D and Czimczik, Claudia I and Treseder, Kathleen K},
doi = {10.1111/j.1365-2486.2008.01549.x},
issn = {13541013},
journal = {Global Change Biology},
number = {5},
pages = {1156--1168},
title = {{Microbial activity and soil respiration under nitrogen addition in Alaskan boreal forest}},
volume = {14},
year = {2008}
}
@article{Allen2020,
author = {Allen, Kara and Fisher, Joshua B and Phillips, Richard P and Powers, Jennifer S and Brzostek, Edward R},
doi = {10.3389/ffgc.2020.00043},
issn = {2624893X},
journal = {Frontiers in Forests and Global Change},
pages = {1--12},
title = {{Modeling the carbon cost of plant nitrogen and phosphorus uptake across temperate and tropical forests}},
volume = {3},
year = {2020}
}
@article{Andersen2005,
author = {Andersen, Mette Klindt and Hauggaard-Nielsen, Henrik and Ambus, Per and Jensen, Erik Steen},
doi = {10.1007/s11104-005-0997-1},
issn = {0032-079X},
journal = {Plant and Soil},
number = {1-2},
pages = {273--287},
pmid = {14172634},
title = {{Biomass production, symbiotic nitrogen fixation and inorganic N use in dual and tri-component annual intercrops}},
volume = {266},
year = {2005}
}
@article{Andrews2011,
author = {Andrews, Mitchell and James, Euan K and Sprent, Janet I and Boddey, Robert M and Gross, Eduardo and dos Reis, Fabio Bueno},
doi = {10.1080/17550874.2011.644343},
issn = {17551668},
journal = {Plant Ecology and Diversity},
number = {2-3},
pages = {117--130},
title = {{Nitrogen fixation in legumes and actinorhizal plants in natural ecosystems: Values obtained using $^{15}$N natural abundance}},
volume = {4},
year = {2011}
}
@article{Arndal2018,
author = {Arndal, M F and Tolver, A and Larsen, K S and Beier, C and Schmidt, I K},
doi = {10.1007/s10021-017-0131-2},
issn = {14350629},
journal = {Ecosystems},
number = {1},
pages = {15--30},
title = {{Fine root growth and vertical distribution in response to elevated CO$_2$, warming and drought in a mixed heathland–grassland}},
volume = {21},
year = {2018}
}
@article{Arnone1997,
author = {Arnone, John A},
doi = {10.1023/A:1004291618137},
issn = {0032079X},
journal = {Plant and Soil},
number = {1},
pages = {61--66},
title = {{Indices of plant N availability in an alpine grassland under elevated atmospheric CO$_2$}},
volume = {190},
year = {1997}
}
@article{Arora2020,
author = {Arora, Vivek K and Katavouta, Anna and Williams, Richard G and Jones, Chris D and Brovkin, Victor and Friedlingstein, Pierre and Schwinger, J{\"{o}}rg and Bopp, Laurent and Boucher, Olivier and Cadule, Patricia and Chamberlain, Matthew A and Christian, James R and Delire, Christine and Fisher, Rosie A and Hajima, Tomohiro and Ilyina, Tatiana and Joetzjer, Emilie and Kawamiya, Michio and Koven, Charles D and Krasting, John P and Law, Rachel M and Lawrence, David M and Lenton, Andrew and Lindsay, Keith and Pongratz, Julia and Raddatz, Thomas and S{\'{e}}f{\'{e}}rian, Roland and Tachiiri, Kaoru and Tjiputra, Jerry F and Wiltshire, Andy and Wu, Tongwen and Ziehn, Tilo},
doi = {10.5194/bg-17-4173-2020},
issn = {17264189},
journal = {Biogeosciences},
number = {16},
pages = {4173--4222},
title = {{Carbon-concentration and carbon-climate feedbacks in CMIP6 models and their comparison to CMIP5 models}},
volume = {17},
year = {2020}
}
@article{Bae2015,
author = {Bae, Kikang and Fahey, Timothy J and Yanai, Ruth D and Fisk, Melany},
doi = {10.1007/s10021-015-9892-7},
issn = {1432-9840},
journal = {Ecosystems},
number = {7},
pages = {1179--1191},
title = {{Soil nitrogen availability affects belowground carbon allocation and soil respiration in northern hardwood forests of New Hampshire}},
volume = {18},
year = {2015}
}
@article{Barber1962,
author = {Barber, Stanley A},
journal = {Soil Science},
number = {1},
pages = {39--49},
title = {{A diffusion and mass-flow concept of soil nutrient availability}},
volume = {93},
year = {1962}
}
@article{Barnes1992,
author = {Barnes, J D and Balaguer, L and Manrique, E and Elvira, S and Davison, A W},
doi = {10.1016/0098-8472(92)90034-Y},
issn = {00988472},
journal = {Environmental and Experimental Botany},
number = {2},
pages = {85--100},
title = {{A reappraisal of the use of DMSO for the extraction and determination of chlorophylls a and b in lichens and higher plants}},
volume = {32},
year = {1992}
}
@article{Bates2015,
author = {Bates, Douglas and M{\"{a}}chler, Martin and Bolker, Ben and Walker, Steve},
doi = {10.18637/jss.v067.i01},
issn = {1548-7660},
journal = {Journal of Statistical Software},
number = {1},
pages = {1--48},
title = {{Fitting linear mixed-effects models using lme4}},
volume = {67},
year = {2015}
}
@misc{Beaudette2022,
author = {Beaudette, Dylan and Skovlin, Jay and Roeker, Stephen and Brown, Andrew},
title = {{soilDB: Soil Database Interface}},
url = {https://cran.r-project.org/package=soilDB},
year = {2022}
}
@article{Bengtson2012,
author = {Bengtson, Per and Barker, Jason and Grayston, Sue J},
doi = {10.1002/ece3.311},
issn = {20457758},
journal = {Ecology and Evolution},
number = {8},
pages = {1843--1852},
title = {{Evidence of a strong coupling between root exudation, C and N availability, and stimulated SOM decomposition caused by rhizosphere priming effects}},
volume = {2},
year = {2012}
}
@article{Bernacchi2001,
author = {Bernacchi, Carl J and Singsaas, Eric L and Pimentel, Carlos and Portis, Archie R and Long, Stephen P},
doi = {10.1046/j.1365-3040.2001.00668.x},
issn = {01407791},
journal = {Plant, Cell and Environment},
number = {2},
pages = {253--259},
title = {{Improved temperature response functions for models of Rubisco-limited photosynthesis}},
volume = {24},
year = {2001}
}
@article{BialicMurphy2021,
author = {Bialic‐Murphy, Lalasia and Smith, Nicholas G and Voothuluru, Priya and McElderry, Robert M and Roche, Morgan D and Cassidy, Steven T and Kivlin, Stephanie N and Kalisz, Susan},
doi = {10.1111/ele.13724},
issn = {1461-023X},
journal = {Ecology Letters},
number = {6},
pages = {1145--1156},
pmid = {33759325},
title = {{Invasion‐induced root–fungal disruptions alter plant water and nitrogen economies}},
volume = {24},
year = {2021}
}
@article{Bloom1985,
author = {Bloom, Arnold J and Chapin, F Stuart and Mooney, Harold A},
doi = {10.1146/annurev.es.16.110185.002051},
issn = {0066-4162},
journal = {Annual Review of Ecology and Systematics},
number = {1},
pages = {363--392},
title = {{Resource limitation in plants - an economic analogy}},
volume = {16},
year = {1985}
}
@article{Bloomfield2022,
author = {Bloomfield, Keith J and Stocker, Benjamin D and Keenan, Trevor F and Prentice, I Colin},
doi = {10.1111/gcb.16511},
isbn = {0000000264},
issn = {1354-1013},
journal = {Global Change Biology},
volume = {29},
number = {4},
pages = {0--2},
title = {{Environmental controls on the light use efficiency of terrestrial gross primary production}},
year = {2023}
}
@article{Bonan2011,
author = {Bonan, Gordon B and Lawrence, Peter J and Oleson, Keith W and Levis, Samuel and Jung, Martin and Reichstein, Markus and Lawrence, David M and Swenson, Sean C},
doi = {10.1029/2010JG001593},
issn = {0148-0227},
journal = {Journal of Geophysical Research},
number = {G2},
pages = {G02014},
title = {{Improving canopy processes in the Community Land Model version 4 (CLM4) using global flux fields empirically inferred from FLUXNET data}},
volume = {116},
year = {2011}
}
@article{Bonan2013,
author = {Bonan, Gordon B and Hartman, Melannie D and Parton, William J and Wieder, William R},
doi = {10.1111/gcb.12031},
issn = {13541013},
journal = {Global Change Biology},
number = {3},
pages = {957--974},
pmid = {23504851},
title = {{Evaluating litter decomposition in earth system models with long-term litter bag experiments: an example using the Community Land Model version 4 (CLM4)}},
volume = {19},
year = {2013}
}
@article{Booth2012,
author = {Booth, Ben B B and Jones, Chris D and Collins, Mat and Totterdell, Ian J and Cox, Peter M and Sitch, Stephen and Huntingford, Chris and Betts, Richard A and Harris, Glen R and Lloyd, Jon},
doi = {10.1088/1748-9326/7/2/024002},
issn = {1748-9326},
journal = {Environmental Research Letters},
number = {2},
pages = {024002},
title = {{High sensitivity of future global warming to land carbon cycle processes}},
volume = {7},
year = {2012}
}
@article{Borer2014,
author = {Borer, Elizabeth T and Harpole, W Stanley and Adler, Peter B and Lind, Eric M and Orrock, John L and Seabloom, Eric W and Smith, Melinda D},
doi = {10.1111/2041-210X.12125},
issn = {2041210X},
journal = {Methods in Ecology and Evolution},
number = {1},
pages = {65--73},
title = {{Finding generality in ecology: A model for globally distributed experiments}},
volume = {5},
year = {2014}
}
@article{Braghiere2022,
author = {Braghiere, Renato K and Fisher, J. B. and Allen, Kara and Brzostek, E. and Shi, Mingjie and Yang, X and Ricciuto, Daniel M and Fisher, Rosie A and Zhu, Q and Phillips, Richard P},
doi = {10.1029/2022MS003204},
issn = {1942-2466},
journal = {Journal of Advances in Modeling Earth Systems},
number = {8},
pages = {1--23},
title = {{Modeling global carbon costs of plant nitrogen and phosphorus acquisition}},
volume = {14},
year = {2022}
}
@article{Brix1971,
author = {Brix, H},
doi = {10.1093/forestscience/17.4.407},
journal = {Forest Science},
number = {4},
pages = {407--414},
title = {{Effects of nitrogen fertilization on photosynthesis and respiration in Douglas-fir}},
volume = {17},
year = {1971}
}
@article{Brzostek2014FUN2,
author = {Brzostek, Edward R and Fisher, Joshua B and Phillips, Richard P},
doi = {10.1002/2014JG002660},
journal = {Journal of Geophysical Research: Biogeosciences},
pages = {1684--1697},
title = {{Modeling the carbon cost of plant nitrogen acquisition: Mycorrhizal trade-offs and multipath resistance uptake improve predictions of retranslocation}},
url = {https://dl.acm.org/citation.cfm?id=1937058},
volume = {119},
year = {2014}
}
@article{Brzostek2014_waterStress,
author = {Brzostek, Edward R and Dragoni, Danilo and Schmid, Hans Peter and Rahman, Abdullah F and Sims, Daniel and Wayson, Craig A and Johnson, Daniel J and Phillips, Richard P},
doi = {10.1111/gcb.12528},
issn = {13652486},
journal = {Global Change Biology},
number = {8},
pages = {2531--2539},
pmid = {24421179},
title = {{Chronic water stress reduces tree growth and the carbon sink of deciduous hardwood forests}},
volume = {20},
year = {2014}
}
@article{Bubier2011,
author = {Bubier, Jill L and Smith, Rose and Juutinen, Sari and Moore, Tim R and Minocha, Rakesh and Long, Stephanie and Minocha, Subhash},
doi = {10.1007/s00442-011-1998-9},
issn = {00298549},
journal = {Oecologia},
number = {2},
pages = {355--368},
title = {{Effects of nutrient addition on leaf chemistry, morphology, and photosynthetic capacity of three bog shrubs}},
volume = {167},
year = {2011}
}
@article{Cernusak2013,
author = {Cernusak, Lucas A and Ubierna, Nerea and Winter, Klaus and Holtum, Joseph A M and Marshall, John D and Farquhar, Graham D},
doi = {10.1111/nph.12423},
issn = {0028-646X},
journal = {New Phytologist},
number = {4},
pages = {950--965},
pmid = {23902460},
title = {{Environmental and physiological determinants of carbon isotope discrimination in terrestrial plants}},
volume = {200},
year = {2013}
}
@article{Chen1993,
author = {Chen, Jia-Lin and Reynolds, James F and Harley, Peter C and Tenhunen, John D},
doi = {10.1007/BF00321192},
issn = {0029-8549},
journal = {Oecologia},
number = {1},
pages = {63--69},
title = {{Coordination theory of leaf nitrogen distribution in a canopy}},
volume = {93},
year = {1993}
}
@article{Clark2011,
author = {Clark, Douglas B and Mercado, L M and Sitch, S and Jones, Chris D and Gedney, N and Best, M J and Pryor, M and Rooney, G G and Essery, R L H and Blyth, E and Boucher, O and Harding, R J and Huntingford, Chris and Cox, Peter M},
doi = {10.5194/gmd-4-701-2011},
issn = {1991-9603},
journal = {Geoscientific Model Development},
number = {3},
pages = {701--722},
title = {{The Joint UK Land Environment Simulator (JULES), model description. Part 2: Carbon fluxes and vegetation dynamics}},
url = {https://gmd.copernicus.org/articles/4/701/2011/},
volume = {4},
year = {2011}
}
@article{Cornwell2008,
author = {Cornwell, William K and Cornelissen, Johannes H C and Amatangelo, Kathryn and Dorrepaal, Ellen and Eviner, Valerie T and Godoy, Oscar and Hobbie, Sarah E and Hoorens, Bart and Kurokawa, Hiroko and P{\'{e}}rez-Harguindeguy, Natalia and Quested, Helen M and Santiago, Louis S and Wardle, David A and Wright, Ian J and Aerts, Rien and Allison, Steven D and van Bodegom, Peter and Brovkin, Victor and Chatain, Alex and Callaghan, Terry V and D{\'{i}}az, Sandra and Garnier, Eric and Gurvich, Diego E and Kazakou, Elena and Klein, Julia A and Read, Jenny and Reich, Peter B and Soudzilovskaia, Nadejda A and Vaieretti, M. Victoria and Westoby, Mark},
doi = {10.1111/j.1461-0248.2008.01219.x},
issn = {1461023X},
journal = {Ecology Letters},
number = {10},
pages = {1065--1071},
title = {{Plant species traits are the predominant control on litter decomposition rates within biomes worldwide}},
volume = {11},
year = {2008}
}
@article{Cornwell2018,
author = {Cornwell, William K and Wright, Ian J and Turner, Joel and Maire, Vincent and Barbour, Margaret M and Cernusak, Lucas A and Dawson, Todd E and Ellsworth, David S and Farquhar, Graham D and Griffiths, Howard and Keitel, Claudia and Knohl, Alexander and Reich, Peter B and Williams, David G and Bhaskar, Radika and Cornelissen, Johannes H C and Richards, Anna and Schmidt, Susanne and Valladares, Fernando and K{\"{o}}rner, Christian and Schulze, Ernst-Detlef and Buchmann, Nina and Santiago, Louis S},
doi = {10.1111/geb.12764},
issn = {1466822X},
journal = {Global Ecology and Biogeography},
number = {9},
pages = {1056--1067},
title = {{Climate and soils together regulate photosynthetic carbon isotope discrimination within C$_3$ plants worldwide}},
volume = {27},
year = {2018}
}
@article{Cramer1988,
author = {Cramer, Wolfgang and Prentice, I Colin},
doi = {10.1080/00291958808552193},
issn = {0029-1951},
journal = {Norsk Geografisk Tidsskrift - Norwegian Journal of Geography},
number = {2-3},
pages = {149--151},
title = {{Simulation of regional soil moisture deficits on a European scale}},
volume = {42},
year = {1988}
}
@article{Curtis1996,
author = {Curtis, Peter S},
doi = {10.1111/j.1365-3040.1996.tb00234.x},
journal = {Plant, Cell and Environment},
number = {2},
pages = {127--137},
title = {{A meta-analysis of leaf gas exchange and nitrogen in trees grown under elevated carbon dioxide}},
volume = {19},
year = {1996}
}

@article{Daly2008,
author = {Daly, Christopher and Halbleib, Michael and Smith, Joseph I and Gibson, Wayne P and Doggett, Matthew K and Taylor, George H and Curtis, Jan and Pasteris, Phillip P},
doi = {10.1002/joc.1688},
issn = {08998418},
journal = {International Journal of Climatology},
number = {15},
pages = {2031--2064},
title = {{Physiographically sensitive mapping of climatological temperature and precipitation across the conterminous United States}},
volume = {28},
year = {2008}
}
@article{Davies-Barnard2020,
author = {Davies-Barnard, Taraka and Meyerholt, Johannes and Zaehle, S{\"{o}}nke and Friedlingstein, Pierre and Brovkin, Victor and Fan, Yuanchao and Fisher, Rosie A and Jones, Chris D and Lee, Hanna and Peano, Daniele and Smith, Benjamin and W{\aa}rlind, David and Wiltshire, Andy J},
doi = {10.5194/bg-17-5129-2020},
issn = {1726-4189},
journal = {Biogeosciences},
number = {20},
pages = {5129--5148},
title = {{Nitrogen cycling in CMIP6 land surface models: progress and limitations}},
url = {https://bg.copernicus.org/articles/17/5129/2020/},
volume = {17},
year = {2020}
}
@article{Davis2017,
author = {Davis, Tyler W and Prentice, I Colin and Stocker, Benjamin D and Thomas, Rebecca T and Whitley, Rhys J and Wang, Han and Evans, Bradley J and Gallego-Sala, Angela V and Sykes, Martin T and Cramer, Wolfgang},
doi = {https://doi.org/10.5194/gmd-10-689-2017},
journal = {Geoscientific Model Development},
pages = {689--708},
title = {{Simple process-led algorithms for simulating habitats (SPLASH v.1.0): robust indices of radiation, evapotranspiration and plant-available moisture}},
volume = {10},
year = {2017}
}
@article{Delaire2005,
author = {Delaire, M and Frak, E and Sigogne, M and Adam, B and Beaujard, F and {Le Roux}, Xavier},
doi = {10.1093/treephys/25.2.229},
issn = {0829-318X},
journal = {Tree Physiology},
number = {2},
pages = {229--235},
title = {{Sudden increase in atmospheric CO$_{2}$ concentration reveals strong coupling between shoot carbon uptake and root nutrient uptake in young walnut trees}},
volume = {25},
year = {2005}
}
@article{Doane2003,
author = {Doane, Timothy A and Horw{\'{a}}th, William R},
doi = {10.1081/AL-120024647},
issn = {0003-2719},
journal = {Analytical Letters},
number = {12},
pages = {2713--2722},
title = {{Spectrophotometric determination of nitrate with a single reagent}},
volume = {36},
year = {2003}
}
@article{Dong2017,
author = {Dong, Ning and Prentice, Iain Colin and Evans, Bradley J and Caddy-Retalic, Stefan and Lowe, Andrew J and Wright, Ian J},
doi = {10.5194/bg-14-481-2017},
issn = {1726-4189},
journal = {Biogeosciences},
number = {2},
pages = {481--495},
title = {{Leaf nitrogen from first principles: field evidence for adaptive variation with climate}},
volume = {14},
year = {2017}
}
@article{Dong2020,
author = {Dong, Ning and Prentice, Iain Colin and Wright, Ian J and Evans, Bradley J and Togashi, Henrique F and Caddy-Retalic, Stefan and McInerney, Francesca A and Sparrow, Ben and Leitch, Emrys and Lowe, Andrew J},
doi = {10.1111/nph.16558},
issn = {0028-646X},
journal = {New Phytologist},
number = {1},
pages = {82--94},
title = {{Components of leaf trait variation along environmental gradients}},
volume = {228},
year = {2020}
}
@article{Dong2022a,
author = {Dong, Ning and Prentice, Iain Colin and Wright, Ian J and Wang, Han and Atkin, Owen K and Bloomfield, Keith J and Domingues, Tomas F and Gleason, Sean M and Maire, Vincent and Onoda, Yusuke and Poorter, Hendrik and Smith, Nicholas G},
doi = {10.1111/1365-2745.13967},
issn = {0022-0477},
journal = {Journal of Ecology},
number = {11},
pages = {2585--2602},
title = {{Leaf nitrogen from the perspective of optimal plant function}},
volume = {110},
year = {2022}
}
@article{Dong2022_eCO2,
author = {Dong, Ning and Wright, Ian J and Chen, Jing M and Luo, Xiangzhong and Wang, Han and Keenan, Trevor F and Smith, Nicholas G and Prentice, Iain Colin},
doi = {10.1111/nph.18076},
issn = {0028-646X},
journal = {New Phytologist},
number = {5},
pages = {1692--1700},
title = {{Rising CO$_2$ and warming reduce global canopy demand for nitrogen}},
volume = {235},
year = {2022}
}
@article{Dovrat2018,
author = {Dovrat, Guy and Masci, Tania and Bakhshian, Hila and {Mayzlish Gati}, Einav and Golan, Sivan and Sheffer, Efrat},
doi = {10.1111/1365-2745.12940},
issn = {00220477},
journal = {Journal of Ecology},
number = {4},
pages = {1534--1544},
title = {{Drought-adapted plants dramatically downregulate dinitrogen fixation: Evidences from Mediterranean legume shrubs}},
volume = {106},
year = {2018}
}
@article{Dovrat2020,
author = {Dovrat, Guy and Bakhshian, Hila and Masci, Tania and Sheffer, Efrat},
doi = {10.1111/nph.16543},
issn = {0028-646X},
journal = {New Phytologist},
number = {2},
pages = {365--375},
title = {{The nitrogen economic spectrum of legume stoichiometry and fixation strategy}},
volume = {227},
year = {2020}
}
@article{Drake1997,
author = {Drake, Bert G and Gonz{\`{a}}lez-Meler, Miquel A and Long, Steve P},
doi = {10.1146/annurev.arplant.48.1.609},
issn = {15435008},
journal = {Annual Review of Plant Biology},
pages = {609--639},
pmid = {15012276},
title = {{More efficient plants: a consequence of rising atmospheric CO$_2$?}},
volume = {48},
year = {1997}
}
@article{Duursma2015,
author = {Duursma, Remko A},
doi = {10.1371/journal.pone.0143346},
issn = {1932-6203},
journal = {PLOS ONE},
number = {11},
pages = {e0143346},
title = {{Plantecophys - An R package for analyzing and modelling leaf gas exchange data}},
url = {https://dx.plos.org/10.1371/journal.pone.0143346},
volume = {10},
year = {2015}
}
@article{Eamus2013,
author = {Eamus, Derek and Boulain, Nicolas and Cleverly, James and Breshears, David D},
doi = {10.1002/ece3.664},
issn = {20457758},
journal = {Ecology and Evolution},
number = {8},
pages = {2711--2729},
title = {{Global change-type drought-induced tree mortality: Vapor pressure deficit is more important than temperature per se in causing decline in tree health}},
volume = {3},
year = {2013}
}
@article{Eastman2021,
author = {Eastman, Brooke A and Adams, Mary B and Brzostek, Edward R and Burnham, Mark B and Carrara, Joseph E and Kelly, Charlene and McNeil, Brenden E and Walter, Christopher A and Peterjohn, William T},
doi = {10.1111/nph.17256},
issn = {14698137},
journal = {New Phytologist},
number = {4},
pages = {1435--1448},
pmid = {33544877},
title = {{Altered plant carbon partitioning enhanced forest ecosystem carbon storage after 25 years of nitrogen additions}},
volume = {230},
year = {2021}
}
@article{Ellsworth1996,
author = {Ellsworth, David S. and Reich, Peter B.},
doi = {10.2307/2265632},
issn = {00129658},
journal = {Ecology},
number = {2},
pages = {581--594},
title = {{Photosynthesis and leaf nitrogen in five Amazonian tree species during early secondary succession}},
volume = {77},
year = {1996}
}
@article{Espelta2005,
author = {Espelta, Josep Maria and Cort{\'{e}}s, Pilar and Mangir{\'{o}}n, Marta and Retana, Javier},
doi = {10.2980/i1195-6860-12-4-447.1},
issn = {11956860},
journal = {Ecoscience},
number = {4},
pages = {447--454},
title = {{Differences in biomass partitioning, leaf nitrogen content, and water use efficiency $\delta^{13}$ result in similar performance of seedlings of two Mediterranean oaks with contrasting leaf habit}},
volume = {12},
year = {2005}
}
@article{Evans1989_photoN,
author = {Evans, John R},
doi = {10.1007/BF00377192},
issn = {0029-8549},
journal = {Oecologia},
number = {1},
pages = {9--19},
title = {{Photosynthesis and nitrogen relationships in leaves of C$_{3}$ plants}},
volume = {78},
year = {1989}
}
@article{Evans1989_lightPartitioning,
author = {Evans, John R},
doi = {10.1071/PP9890533},
issn = {1445-4408},
journal = {Functional Plant Biology},
number = {6},
pages = {533},
title = {{Partitioning of nitrogen between and within leaves grown under different irradiances}},
volume = {16},
year = {1989}
}
@article{EvansSeemann1989,
author = {Evans, John R and Seemann, Jeffrey R},
journal = {Photosynthesis},
pages = {183--205},
title = {{The allocation of protein nitrogen in the photosynthetic apparatus: costs, consequences, and control}},
volume = {8},
year = {1989}
}
@article{Evans2001,
author = {Evans, John R and Poorter, Hendrik},
doi = {10.1046/j.1365-3040.2001.00724.x},
issn = {01407791},
journal = {Plant, Cell and Environment},
number = {8},
pages = {755--767},
title = {{Photosynthetic acclimation of plants to growth irradiance: the relative importance of specific leaf area and nitrogen partitioning in maximizing carbon gain}},
volume = {24},
year = {2001}
}
@article{Evans2019,
author = {Evans, John R and Clarke, Victoria C},
doi = {10.1093/jxb/ery366},
issn = {14602431},
journal = {Journal of Experimental Botany},
number = {1},
pages = {7--15},
pmid = {30357381},
title = {{The nitrogen cost of photosynthesis}},
volume = {70},
year = {2019}
}

@article{Exbrayat2018,
author = {Exbrayat, Jean-Fran{\c{c}}ois and Bloom, A Anthony and Falloon, Pete and Ito, Akihiko and Smallman, T Luke and Williams, Mathew},
doi = {10.5194/esd-9-153-2018},
issn = {21904987},
journal = {Earth System Dynamics},
number = {1},
pages = {153--165},
title = {{Reliability ensemble averaging of 21$^{st}$ century projections of terrestrial net primary productivity reduces global and regional uncertainties}},
volume = {9},
year = {2018}
}
@article{Farquhar1980,
author = {Farquhar, Graham D and von Caemmerer, Susanne and Berry, Joe A},
doi = {10.1007/BF00386231},
issn = {0032-0935},
journal = {Planta},
number = {1},
pages = {78--90},
title = {{A biochemical model of photosynthetic CO$_2$ assimilation in leaves of C$_3$ species}},
volume = {149},
year = {1980}
}
@article{Farquhar1982,
author = {Farquhar, Graham D and Sharkey, Thomas D},
doi = {10.1146/annurev.pp.33.060182.001533},
issn = {0066-4294},
journal = {Annual Review of Plant Physiology},
number = {1},
pages = {317--345},
title = {{Stomatal conductance and photosynthesis}},
volume = {33},
year = {1982}
}
@article{Farquhar1989,
author = {Farquhar, Graham D and Ehleringer, J R and Hubick, K T},
doi = {10.1146/annurev.pp.40.060189.002443},
issn = {1040-2519},
journal = {Annual Review of Plant Physiology and Plant Molecular Biology},
number = {1},
pages = {503--537},
title = {{Carbon isotope discrimination and photosynthesis}},
volume = {40},
year = {1989}
}
@article{Fay2015,
author = {Fay, Philip A and Prober, Suzanne M and Harpole, W Stanley and Knops, Johannes M H and Bakker, Jonathan D and Borer, Elizabeth T and Lind, Eric M and MacDougall, Andrew S and Seabloom, Eric W and Wragg, Peter D and Adler, Peter B and Blumenthal, Dana M and Buckley, Yvonne M and Chu, Chengjin and Cleland, Elsa E and Collins, Scott L and Davies, Kendi F and Du, Guozhen and Feng, Xiaohui and Firn, Jennifer and Gruner, Daniel S and Hagenah, Nicole and Hautier, Yann and Heckman, Robert W and Jin, Virginia L and Kirkman, Kevin P and Klein, Julia A and Ladwig, Laura M and Li, Qi and McCulley, Rebecca L and Melbourne, Brett A and Mitchell, Charles E and Moore, Joslin L and Morgan, John W and Risch, Anita C and Sch{\"{u}}tz, Martin and Stevens, Carly J and Wedin, David A and Yang, Louie H},
doi = {10.1038/nplants.2015.80},
issn = {2055-0278},
journal = {Nature Plants},
number = {7},
pages = {15080},
title = {{Grassland productivity limited by multiple nutrients}},
volume = {1},
year = {2015}
}
@article{Feng1999,
author = {Feng, Xiahong},
doi = {10.1016/S0016-7037(99)00088-5},
issn = {00167037},
journal = {Geochimica et Cosmochimica Acta},
number = {13-14},
pages = {1891--1903},
title = {{Trends in intrinsic water-use efficiency of natural trees for the past 100-200 years: A response to atmospheric CO$_2$ concentration}},
volume = {63},
year = {1999}
}
@incollection{Field1986,
address = {Cambridge},
author = {Field, Christopher B and Mooney, Harold A},
booktitle = {On the Economy of Plant Form and Function},
editor = {Givnish, Thomas J},
pages = {25--55},
publisher = {Cambridge University Press},
title = {{The photosynthesis-nitrogen relationship in wild plants}},
year = {1986}
}
@article{Finzi2006,
author = {Finzi, Adrien C and Moore, David J P and DeLucia, Evan H and Lichter, John and Hofmockel, Kirsten S and Jackson, Robert B and Kim, Hyun Seok and Matamala, Roser and McCarthy, Heather R and Oren, Ram and Pippen, Jeffrey S and Schlesinger, William H},
doi = {10.1890/04-1748},
issn = {00129658},
journal = {Ecology},
number = {1},
pages = {15--25},
pmid = {16634293},
title = {{Progressive nitrogen limitation of ecosystem processes under elevated CO$_2$ in a warm-temperate forest}},
volume = {87},
year = {2006}
}
@article{Firn2019,
author = {Firn, Jennifer and McGree, James M and Harvey, Eric and Flores Moreno, Habacuc and Schutz, Martin and Buckley, Yvonne M and Borer, Elizabeth T and Seabloom, Eric W and {La Pierre}, Kimberly J and MacDougall, Andrew M and Prober, Suzanne M and Stevens, Carly J and Sullivan, Lauren L and Porter, Erica and Ladouceur, Emma and Allen, Charlotte and Moromizato, Karine H and Morgan, John W and Harpole, W Stanley and Hautier, Yann and Eisenhauer, Nico and Wright, Justin P and Adler, Peter B and Arnillas, Carlos Alberto and Bakker, Jonathan D and Biederman, Lori and Broadbent, Arthur A D and Brown, Cynthia S and Bugalho, Miguel N and Caldeira, Maria C and Cleland, Elsa E and Ebeling, Anne and Fay, Philip A and Hagenah, Nicole and Kleinhesselink, Andrew R and Mitchell, Rachel and Moore, Joslin L and Nogueira, Carla and Peri, Pablo Luis and Roscher, Christiane and Smith, Melinda D and Wragg, Peter D and Risch, Anita C},
doi = {10.1038/s41559-018-0790-1},
issn = {2397-334X},
journal = {Nature Ecology and Evolution},
number = {3},
pages = {400--406},
title = {{Leaf nutrients, not specific leaf area, are consistent indicators of elevated nutrient inputs}},
volume = {3},
year = {2019}
}
@article{Fisher2010,
author = {Fisher, Joshua B and Sitch, S and Malhi, Yadvinder and Fisher, Rosie A and Huntingford, Chris and Tan, S-Y},
doi = {10.1029/2009gb003621},
journal = {Global Biogeochemical Cycles},
number = {1},
pages = {1--17},
title = {{Carbon cost of plant nitrogen acquisition: A mechanistic, globally applicable model of plant nitrogen uptake, retranslocation, and fixation}},
volume = {24},
year = {2010}
}
@article{Fleischer2019,
author = {Fleischer, Katrin and Dolman, A J and Molen, Michiel K and Rebel, Karin T and Erisman, Jan W and Wassen, Martin J and Pak, Bernard and Lu, Xingjie and Rammig, Anja and Wang, Ying-Ping},
doi = {10.1029/2018GB005952},
issn = {0886-6236},
journal = {Global Biogeochemical Cycles},
number = {6},
pages = {810--824},
title = {{Nitrogen deposition maintains a positive effect on terrestrial carbon sequestration in the 21$^{st}$ century despite growing phosphorus limitation at regional scales}},
volume = {33},
year = {2019}
}
@book{Fox2019,
address = {Thousand Oaks, California},
author = {Fox, John and Weisberg, Sanford},
edition = {Third edit},
publisher = {Sage},
title = {{An R companion to applied regression}},
year = {2019}
}
@article{Franklin2009,
author = {Franklin, Oskar and McMurtrie, Ross E and Iversen, Colleen M and Crous, Kristine Y and Finzi, Adrien C and Tissue, David and Ellsworth, David S and Oren, Ram and Norby, Richard J},
doi = {10.1111/j.1365-2486.2008.01710.x},
issn = {13541013},
journal = {Global Change Biology},
number = {1},
pages = {132--144},
title = {{Forest fine-root production and nitrogen use under elevated CO$_{2}$: contrasting responses in evergreen and deciduous trees explained by a common principle}},
volume = {15},
year = {2009}
}
@article{Friedlingstein2014,
author = {Friedlingstein, Pierre and Meinshausen, Malte and Arora, Vivek K and Jones, Chris D and Anav, Alessandro and Liddicoat, Spencer K and Knutti, Reto},
doi = {10.1175/JCLI-D-12-00579.1},
issn = {08948755},
journal = {Journal of Climate},
number = {2},
pages = {511--526},
title = {{Uncertainties in CMIP5 climate projections due to carbon cycle feedbacks}},
volume = {27},
year = {2014}
}
@article{Friel2019,
author = {Friel, Colleen A and Friesen, Maren L},
doi = {10.3389/fpls.2019.01316},
issn = {1664-462X},
journal = {Frontiers in Plant Science},
pages = {1316},
title = {{Legumes modulate allocation to rhizobial nitrogen fixation in response to factorial light and nitrogen manipulation}},
volume = {10},
year = {2019}
}
@article{Fujikake2003,
author = {Fujikake, Hiroyuki and Yamazaki, Akihiko and Ohtake, Norikuni and Sueoshi, Kuni and Matsuhashi, Shinpei and Ito, Takehito and Mizuniwa, Chizuko and Kume, Tamikazu and Hoshimoto, Shoji and Ishioka, Noriko-Shigeta and Watanabe, Satoshi and Osa, Akihiko and Sekine, Toshiaki and Uchida, Hiroshi and Tsuji, Atsunori and Ohyama, Takuji},
doi = {10.1093/jxb/erg147},
issn = {14602431},
journal = {Journal of Experimental Botany},
number = {386},
pages = {1379--1388},
title = {{Quick and reversible inhibition of soybean root nodule growth by nitrate involves a decrease in sucrose supply to nodules}},
volume = {54},
year = {2003}
}
@incollection{Ghannoum2011,
author = {Ghannoum, Oula and Evans, John R and von Caemmerer, Susanne},
booktitle = {C4 Photosynthesis and Related CO2 Concentrating Mechanisms},
chapter = {8},
editor = {Raghavendra, Agepati S and Sage, Rowan F},
isbn = {9781493990658},
pages = {129--146},
publisher = {Springer},
title = {{Nitrogen and water use efficiency of C$_4$ plants}},
year = {2011}
}

@article{Ghimire2017,
author = {Ghimire, Bardan and Riley, William J and Koven, Charles D and Kattge, Jens and Rogers, Alistair and Reich, Peter B and Wright, Ian J},
doi = {10.1002/eap.1542},
issn = {19395582},
journal = {Ecological Applications},
number = {5},
pages = {1421--1434},
pmid = {28370740},
title = {{A global trait-based approach to estimate leaf nitrogen functional allocation from observations:}},
volume = {27},
year = {2017}
}

@incollection{Giardina2005,
address = {Berlin/Heidelberg},
author = {Giardina, Christian P and Coleman, Mark D and Hancock, Jessica E and King, John S and Lilleskov, Erik A and Loya, Wendy M and Pregitzer, Kurt S and Ryan, Michael G and Trettin, Carl C},
booktitle = {Tree Species Effects on Soils: Implications for Global Change},
chapter = {Chapter 7},
doi = {10.1007/1-4020-3447-4_7},
edition = {Volume 55},
editor = {Binkley, Dan and Manyailo, Oleg},
isbn = {978-1-4020-3445-9},
pages = {119--154},
publisher = {Springer-Verlag},
title = {{The response of belowground carbon allocation in forests to global change}},
year = {2005}
}
@article{Gibson1985,
author = {Gibson, A H and Harper, J E},
doi = {10.2135/cropsci1985.0011183X002500030015x},
issn = {0011-183X},
journal = {Crop Science},
number = {3},
pages = {497--501},
title = {{Nitrate effect on nodulation of soybean by \textit{Bradyrhizobium japonicum}}},
volume = {25},
year = {1985}
}
@article{Gill2016,
author = {Gill, Allison L and Finzi, Adrien C},
doi = {10.1111/ele.12690},
issn = {1461023X},
journal = {Ecology Letters},
number = {12},
pages = {1419--1428},
title = {{Belowground carbon flux links biogeochemical cycles and resource-use efficiency at the global scale}},
volume = {19},
year = {2016}
}
@article{Goll2012,
author = {Goll, Daniel S and Brovkin, Victor and Parida, B R and Reick, C H and Kattge, Jens and Reich, Peter B and van Bodegom, Peter M and Niinemets, {\"{U}}lo},
doi = {10.5194/bgd-9-3173-2012},
issn = {1810-6285},
journal = {Biogeosciences Discussions},
number = {3},
pages = {3173--3232},
title = {{Nutrient limitation reduces land carbon uptake in simulations with a model of combined carbon, nitrogen and phosphorus cycling}},
volume = {9},
year = {2012}
}
@article{Gregory2021,
author = {Gregory, Luke M and McClain, Alan M and Kramer, David M and Pardo, Jeremy D and Smith, Kaila E and Tessmer, Oliver L and Walker, Berkley J and Ziccardi, Leonardo G and Sharkey, Thomas D},
doi = {10.1111/pce.14153},
issn = {0140-7791},
journal = {Plant, Cell and Environment},
month = {oct},
number = {10},
pages = {3223--3226},
title = {{The triose phosphate utilization limitation of photosynthetic rate: Out of global models but important for leaf models}},
volume = {44},
year = {2021}
}
@article{Grossiord2020,
author = {Grossiord, Charlotte and Buckley, Thomas N and Cernusak, Lucas A and Novick, Kimberly A and Poulter, Benjamin and Siegwolf, Rolf T W and Sperry, John S and McDowell, Nate G},
doi = {10.1111/nph.16485},
issn = {14698137},
journal = {New Phytologist},
number = {6},
pages = {1550--1566},
pmid = {32064613},
title = {{Plant responses to rising vapor pressure deficit}},
volume = {226},
year = {2020}
}
@article{Guerrieri2011,
author = {Guerrieri, Rossella and Mencuccini, Maurizio and Sheppard, L J and Saurer, M and Perks, M P and Levy, P and Sutton, M A and Borghetti, Marco and Grace, J},
doi = {10.1111/j.1365-2486.2010.02362.x},
issn = {13541013},
journal = {Global Change Biology},
number = {5},
pages = {1946--1962},
title = {{The legacy of enhanced N and S deposition as revealed by the combined analysis of $\delta^{13}$C, $\delta^{18}$O and $\delta^{15}$N in tree rings}},
volume = {17},
year = {2011}
}
@article{Gulmon1981,
author = {Gulmon, S L and Chu, C C},
doi = {10.1007/BF00349189},
issn = {0029-8549},
journal = {Oecologia},
number = {2},
pages = {207--212},
title = {{The effects of light and nitrogen on photosynthesis, leaf characteristics, and dry matter allocation in the chaparral shrub, \textit{Diplacus aurantiacus}}},
volume = {49},
year = {1981}
}
@article{Gutschick1981,
author = {Gutschick, Vincent P},
doi = {10.1086/283858},
issn = {0003-0147},
journal = {The American Naturalist},
number = {5},
pages = {607--637},
title = {{Evolved strategies in nitrogen acquisition by plants}},
volume = {118},
year = {1981}
}
@article{Hallik2009,
author = {Hallik, Lea and Niinemets, {\"{U}}lo and Wright, Ian J},
doi = {10.1111/j.1469-8137.2009.02918.x},
issn = {0028646X},
journal = {New Phytologist},
number = {1},
pages = {257--274},
pmid = {19674334},
title = {{Are species shade and drought tolerance reflected in leaf-level structural and functional differentiation in Northern Hemisphere temperate woody flora?}},
volume = {184},
year = {2009}
}
@article{Harrison2009,
author = {Harrison, Matthew T. and Edwards, Everard J. and Farquhar, Graham D. and Nicotra, Adrienne B. and Evans, John R.},
doi = {10.1111/j.1365-3040.2008.01918.x},
issn = {01407791},
journal = {Plant, Cell and Environment},
number = {3},
pages = {259--270},
pmid = {19054350},
title = {{Nitrogen in cell walls of sclerophyllous leaves accounts for little of the variation in photosynthetic nitrogen-use efficiency}},
volume = {32},
year = {2009}
}
@article{Harrison2021,
author = {Harrison, Sandy P and Cramer, Wolfgang and Franklin, Oskar and Prentice, Iain Colin and Wang, Han and Br{\"{a}}nnstr{\"{o}}m, {\AA}ke and de Boer, Hugo and Dieckmann, Ulf and Joshi, Jaideep and Keenan, Trevor F and Lavergne, Ali{\'{e}}nor and Manzoni, Stefano and Mengoli, Giulia and Morfopoulos, Catherine and Pe{\~{n}}uelas, Josep and Pietsch, Stephan and Rebel, Karin T and Ryu, Youngryel and Smith, Nicholas G and Stocker, Benjamin D and Wright, Ian J},
doi = {10.1111/nph.17558},
issn = {14698137},
journal = {New Phytologist},
number = {6},
pages = {2125--2141},
pmid = {34131932},
title = {{Eco-evolutionary optimality as a means to improve vegetation and land-surface models}},
volume = {231},
year = {2021}
}
@article{Henneron2020,
author = {Henneron, Ludovic and Kardol, Paul and Wardle, David A and Cros, Camille and Fontaine, S{\'{e}}bastien},
doi = {10.1111/nph.16760},
issn = {0028-646X},
journal = {New Phytologist},
number = {4},
pages = {1269--1282},
title = {{Rhizosphere control of soil nitrogen cycling: a key component of plant economic strategies}},
volume = {228},
year = {2020}
}
@misc{Hijmans2022,
author = {Hijmans, Robert J},
title = {{terra: Spatial Data Analysis}},
year = {2022}
}
@article{Hikosaka2009,
author = {Hikosaka, Kouki and Shigeno, Aki},
doi = {10.1007/s00442-009-1315-z},
issn = {00298549},
journal = {Oecologia},
number = {3},
pages = {443--451},
pmid = {19288136},
title = {{The role of Rubisco and cell walls in the interspecific variation in photosynthetic capacity}},
volume = {160},
year = {2009}
}
@article{Hoagland1950,
author = {Hoagland, Dennis R and Arnon, Daniel I},
journal = {California Agricultural Experiment Station: 347},
number = {2},
pages = {1--32},
publisher = {California Agricultural Experiment Station: 347},
title = {{The water culture method for growing plants without soil}},
volume = {347},
year = {1950}
}
@article{Hobbie2006,
author = {Hobbie, Erik A},
doi = {10.1890/05-0755},
issn = {0012-9658},
journal = {Ecology},
number = {3},
pages = {563--569},
title = {{Carbon allocation to ectomycorrhizal fungi correlates with belowground allocation in culture studies}},
volume = {87},
year = {2006}
}
@article{Hobbie2008,
author = {Hobbie, Erik A and Hobbie, J E},
doi = {10.1007/s10021-008-9159-7},
issn = {1432-9840},
journal = {Ecosystems},
number = {5},
pages = {815--830},
title = {{Natural abundance of $^{15}$N in nitrogen-limited forests and tundra can estimate nitrogen cycling through mycorrhizal fungi: a review}},
volume = {11},
year = {2008}
}
@article{Hoek2016,
author = {Hoek, Tim A and Axelrod, Kevin and Biancalani, Tommaso and Yurtsev, Eugene A and Liu, Jinghui and Gore, Jeff},
doi = {10.1371/journal.pbio.1002540},
issn = {1545-7885},
journal = {PLOS Biology},
number = {8},
pages = {e1002540},
title = {{Resource availability modulates the cooperative and competitive nature of a microbial cross-feeding mutualism}},
volume = {14},
year = {2016}
}
@article{Hogberg2007,
author = {H{\"{o}}gberg, P. and H{\"{o}}gberg, Mona N and G{\"{o}}ttlicher, S G and Betson, N R and Keel, Sonja G and Metcalfe, Daniel B and Campbell, Catherine and Schindlbacher, A and Hurry, Vaughan and Lundmark, T and Linder, Sune and N{\"{a}}sholm, Torgny},
doi = {10.1111/j.1469-8137.2007.02238.x},
issn = {0028-646X},
journal = {New Phytologist},
number = {1},
pages = {220--228},
title = {{High temporal resolution tracing of photosynthate carbon from the tree canopy to forest soil microorganisms}},
volume = {177},
year = {2008}
}
@article{Hogberg2010,
author = {H{\"{o}}gberg, Mona N and Briones, Maria J I and Keel, Sonja G and Metcalfe, Daniel B and Campbell, Catherine and Midwood, Andrew J and Thornton, Barry and Hurry, Vaughan and Linder, Sune and N{\"{a}}sholm, Torgny and H{\"{o}}gberg, Peter},
doi = {10.1111/j.1469-8137.2010.03274.x},
issn = {0028646X},
journal = {New Phytologist},
number = {2},
pages = {485--493},
title = {{Quantification of effects of season and nitrogen supply on tree below-ground carbon transfer to ectomycorrhizal fungi and other soil organisms in a boreal pine forest}},
volume = {187},
year = {2010}
}
@article{Houlton2008,
author = {Houlton, Benjamin Z and Wang, Ying-Ping and Vitousek, Peter M and Field, Christopher B},
doi = {10.1038/nature07028},
issn = {0028-0836},
journal = {Nature},
number = {7202},
pages = {327--330},
title = {{A unifying framework for dinitrogen fixation in the terrestrial biosphere}},
volume = {454},
year = {2008}
}
@article{Huber2009,
author = {Huber, M L and Perkins, R A and Laesecke, A and Friend, D G and Sengers, J V and Assael, M J and Metaxa, I N and Vogel, E and Mare{\v{s}}, R and Miyagawa, K},
doi = {10.1063/1.3088050},
issn = {00472689},
journal = {Journal of Physical and Chemical Reference Data},
number = {2},
pages = {101--125},
title = {{New international formulation for the viscosity of H$_2$O}},
volume = {38},
year = {2009}
}
@article{Hungate2003,
author = {Hungate, Bruce A and Dukes, Jeffrey S and Shaw, M Rebecca and Luo, Yiqi and Field, Christopher B},
doi = {10.1126/science.1091390},
issn = {0036-8075},
journal = {Science},
number = {5650},
pages = {1512--1513},
title = {{Nitrogen and climate change}},
volume = {302},
year = {2003}
}
@book{IPCC2021,
author = {IPCC},
title = {Climate Change 2021: The Physical Science Basis. Contribution of Working Group I to the Sixth Assessment Report of the Intergovernmental Panel on Climate Change},
publisher = {Cambridge University Press},
address = {Cambridge, United Kingdom and New York, NY, USA},
volume = {In Press},
DOI = {10.1017/9781009157896},
year = {2021}
}
@article{Johnson1997,
author = {Johnson, Nancy Collins and Graham, James H and Smith, F Andrew},
doi = {10.1046/j.1469-8137.1997.00729.x},
issn = {0028-646X},
journal = {New Phytologist},
number = {4},
pages = {575--585},
title = {{Functioning of mycorrhizal associations along the mutualism-parasitism continuum}},
volume = {135},
year = {1997}
}
@article{Kachurina2000,
author = {Kachurina, O M and Zhang, H and Raun, W R and Krenzer, E G},
doi = {10.1080/00103620009370485},
issn = {00103624},
journal = {Communications in Soil Science and Plant Analysis},
number = {7-8},
pages = {893--903},
title = {{Simultaneous determination of soil aluminum, ammonium- and nitrate- nitrogen using 1 M potassium chloride}},
volume = {31},
year = {2000}
}

@article{Kaiser2015,
author = {Kaiser, Christina and Kilburn, Matt R and Clode, Peta L and Fuchslueger, Lucia and Koranda, Marianne and Cliff, John B and Solaiman, Zakaria M. and Murphy, Daniel V.},
doi = {10.1111/nph.13138},
issn = {0028-646X},
journal = {New Phytologist},
number = {4},
pages = {1537--1551},
title = {{Exploring the transfer of recent plant photosynthates to soil microbes: mycorrhizal pathway vs direct root exudation}},
volume = {205},
year = {2015}
}
@article{Katabuchi2015,
author = {Katabuchi, Masatoshi},
journal = {Ecological Research},
number = {6},
pages = {1073--1077},
title = {{LeafArea: An R package for rapid digital analysis of leaf area}},
volume = {30},
year = {2015}
}
@article{Kattge2007,
author = {Kattge, Jens and Knorr, Wolfgang},
doi = {10.1111/j.1365-3040.2007.01690.x},
issn = {01407791},
journal = {Plant, Cell and Environment},
number = {9},
pages = {1176--1190},
title = {{Temperature acclimation in a biochemical model of photosynthesis: a reanalysis of data from 36 species}},
volume = {30},
year = {2007}
}
@article{Kattge2009,
author = {Kattge, Jens and Knorr, Wolfgang and Raddatz, Thomas and Wirth, Christian},
doi = {10.1111/j.1365-2486.2008.01744.x},
issn = {13541013},
journal = {Global Change Biology},
number = {4},
pages = {976--991},
title = {{Quantifying photosynthetic capacity and its relationship to leaf nitrogen content for global-scale terrestrial biosphere models}},
volume = {15},
year = {2009}
}
@article{Kayler2010,
author = {Kayler, Zachary and Gessler, Arthur and Buchmann, Nina},
doi = {10.1111/j.1469-8137.2010.03332.x},
issn = {0028646X},
journal = {New Phytologist},
number = {4},
pages = {885--888},
title = {{What is the speed of link between aboveground and belowground processes?}},
volume = {187},
year = {2010}
}
@article{Kayler2017,
author = {Kayler, Zachary and Keitel, Claudia and Jansen, Kirstin and Gessler, Arthur},
doi = {10.1016/j.envexpbot.2016.12.002},
issn = {00988472},
journal = {Environmental and Experimental Botany},
pages = {21--26},
title = {{Experimental evidence of two mechanisms coupling leaf-level C assimilation to rhizosphere CO$_2$ release}},
volume = {135},
year = {2017}
}
@article{Keeling1979,
author = {Keeling, Charles D and Mook, Wim G and Tans, Pieter P},
doi = {10.1038/277121a0},
issn = {0028-0836},
journal = {Nature},
month = {jan},
number = {5692},
pages = {121--123},
title = {{Recent trends in the $^{13}$C:$^{12}$C ratio of atmospheric carbon dioxide}},
volume = {277},
year = {1979}
}
@incollection{Keeney1983,
address = {Madison, WI, USA},
author = {Keeney, D R and Nelson, D W},
booktitle = {Methods of Soil Analysis},
chapter = {33},
doi = {https://doi.org/10.2134/agronmonogr9.2.2ed.c33},
edition = {2nd},
editor = {Page, A L},
isbn = {9780891189770},
pages = {643--698},
publisher = {ASA and SSSA},
title = {{Nitrogen—Inorganic Forms}},
year = {1983}
}
@article{Kenward1997,
author = {Kenward, Michael G and Roger, James H},
doi = {10.2307/2533558},
issn = {0006341X},
journal = {Biometrics},
number = {3},
pages = {983},
title = {{Small sample inference for fixed effects from restricted maximum likelihood}},
volume = {53},
year = {1997}
}
@article{Knapp2017,
author = {Knapp, Alan K and Avolio, Meghan L and Beier, Claus and Carroll, Charles J W and Collins, Scott L and Dukes, Jeffrey S and Fraser, Lauchlan H and Griffin-Nolan, Robert J and Hoover, David L and Jentsch, Anke and Loik, Michael E and Phillips, Richard P and Post, Alison K and Sala, Osvaldo E and Slette, Ingrid J and Yahdjian, Laura and Smith, Melinda D},
doi = {10.1111/gcb.13504},
issn = {13652486},
journal = {Global Change Biology},
number = {5},
pages = {1774--1782},
pmid = {27633752},
title = {{Pushing precipitation to the extremes in distributed experiments: recommendations for simulating wet and dry years}},
volume = {23},
year = {2017}
}
@article{Knorr2000,
author = {Knorr, Wolfgang},
doi = {10.1046/j.1365-2699.2000.00159.x},
issn = {1466822X},
journal = {Global Ecology and Biogeography},
number = {3},
pages = {225--252},
title = {{Annual and interannual CO<sub>2</sub> exchanges of the terrestrial biosphere: process-based simulations and uncertainties}},
volume = {9},
year = {2000}
}
@article{KnorrHeimann2001,
author = {Knorr, Wolfgang and Heimann, Martin},
doi = {10.1029/1998GB001059},
issn = {08866236},
journal = {Global Biogeochemical Cycles},
number = {1},
pages = {207--225},
title = {{Uncertainties in global terrestrial biosphere modeling: 1. A comprehensive sensitivity analysis with a new photosynthesis and energy balance scheme}},
volume = {15},
year = {2001}
}
@article{Kulmatiski2017,
author = {Kulmatiski, Andrew and Adler, Peter B and Stark, John M and Tredennick, Andrew T},
doi = {10.1002/ecs2.1738},
issn = {21508925},
journal = {Ecosphere},
number = {3},
pages = {e01738},
title = {{Water and nitrogen uptake are better associated with resource availability than root biomass}},
volume = {8},
year = {2017}
}
@article{Lavergne2020,
author = {Lavergne, Ali{\'{e}}nor and Sandoval, David and Hare, Vincent J. and Graven, Heather and Prentice, Iain Colin},
doi = {10.1111/gcb.15364},
issn = {13652486},
journal = {Global Change Biology},
number = {12},
pages = {7158--7172},
pmid = {32970907},
title = {{Impacts of soil water stress on the acclimated stomatal limitation of photosynthesis: Insights from stable carbon isotope data}},
volume = {26},
year = {2020}
}
@article{Lawrence2019,
author = {Lawrence, David M and Fisher, Rosie A and Koven, Charles D and Oleson, Keith W and Swenson, Sean C and Bonan, Gordon B and Collier, Nathan and Ghimire, Bardan and Kampenhout, Leo and Kennedy, Daniel and Kluzek, Erik and Lawrence, Peter J and Li, Fang and Li, Hongyi and Lombardozzi, Danica L and Riley, William J and Sacks, William J and Shi, Mingjie and Vertenstein, Mariana and Wieder, William R and Xu, Chonggang and Ali, Ashehad A and Badger, Andrew M and Bisht, Gautam and Broeke, Michiel and Brunke, Michael A and Burns, Sean P and Buzan, Jonathan and Clark, Martyn and Craig, Anthony and Dahlin, Kyla M and Drewniak, Beth and Fisher, Joshua B and Flanner, Mark and Fox, Andrew M and Gentine, Pierre and Hoffman, Forrest M and Keppel‐Aleks, Gretchen and Knox, Ryan and Kumar, Sanjiv and Lenaerts, Jan and Leung, L. Ruby and Lipscomb, William H and Lu, Yaqiong and Pandey, Ashutosh and Pelletier, Jon D. and Perket, Justin and Randerson, James T and Ricciuto, Daniel M and Sanderson, Benjamin M and Slater, Andrew and Subin, Zachary M and Tang, Jinyun and Thomas, R Quinn and {Val Martin}, Maria and Zeng, Xubin},
doi = {10.1029/2018MS001583},
issn = {1942-2466},
journal = {Journal of Advances in Modeling Earth Systems},
number = {12},
pages = {4245--4287},
title = {{The Community Land Model Version 5: description of new features, benchmarking, and impact of forcing uncertainty}},
volume = {11},
year = {2019}
}
@article{LeBauer2008,
author = {LeBauer, David S and Treseder, Kathleen K},
doi = {10.1890/06-2057.1},
journal = {Ecology},
number = {2},
pages = {371--379},
title = {{Nitrogen limitation of net primary productivity}},
volume = {89},
year = {2008}
}
@article{Lefcheck2016,
author = {Lefcheck, Jonathan S},
doi = {10.1111/2041-210X.12512},
issn = {2041210X},
journal = {Methods in Ecology and Evolution},
number = {5},
pages = {573--579},
title = {{piecewiseSEM: Piecewise structural equation modelling in r for ecology, evolution, and systematics}},
volume = {7},
year = {2016}
}
@misc{Lenth2019,
author = {Lenth, Russell},
title = {emmeans: estimated marginal means, aka least-squares means},
year = {2019}
}
@article{Li2020,
author = {Li, Weibin and Zhang, Hongxia and Huang, Guozhu and Liu, Ruixue and Wu, Hongjing and Zhao, Chuanyan and McDowell, Nate G},
doi = {10.1111/geb.13042},
issn = {1466-822X},
journal = {Global Ecology and Biogeography},
number = {3},
pages = {573--589},
title = {{Effects of nitrogen enrichment on tree carbon allocation: A global synthesis}},
volume = {29},
year = {2020}
}
@article{Liang2016,
author = {Liang, Junyi and Qi, Xuan and Souza, Lara and Luo, Yiqi},
doi = {10.5194/bg-13-2689-2016},
issn = {1726-4189},
journal = {Biogeosciences},
number = {9},
pages = {2689--2699},
title = {{Processes regulating progressive nitrogen limitation under elevated carbon dioxide: a meta-analysis}},
volume = {13},
year = {2016}
}
@article{Liang2020,
author = {Liang, Xingyun and Zhang, Tong and Lu, Xiankai and Ellsworth, David S and BassiriRad, Hormoz and You, Chengming and Wang, Dong and He, Pengcheng and Deng, Qi and Liu, Hui and Mo, Jiangming and Ye, Qing},
doi = {10.1111/gcb.15071},
issn = {1354-1013},
journal = {Global Change Biology},
number = {6},
pages = {3585--3600},
title = {{Global response patterns of plant photosynthesis to nitrogen addition: A meta‐analysis}},
volume = {26},
year = {2020}
}
@article{Lopez2021,
author = {L{\'{o}}pez, Jos{\'{e}} and Way, Danielle A and Sadok, Walid},
doi = {10.1111/gcb.15548},
issn = {13652486},
journal = {Global Change Biology},
number = {9},
pages = {1704--1720},
pmid = {33683792},
title = {{Systemic effects of rising atmospheric vapor pressure deficit on plant physiology and productivity}},
volume = {27},
year = {2021}
}
@article{Lu2022,
author = {Lu, Jiayu and Yang, Jinfeng and Keitel, Claudia and Yin, Liming and Wang, Peng and Cheng, Weixin and Dijkstra, Feike A},
doi = {10.3389/fpls.2022.927435},
journal = {Frontiers in Plant Science},
pages = {1--9},
title = {{Belowground carbon efficiency for nitrogen and phosphorus acquisition varies between \textit{Lolium perenne} and \textit{Trifolium repens} and depends on phosphorus fertilization}},
volume = {13},
year = {2022}
}
@article{Luo2004,
author = {Luo, Yiqi and Currie, William S and Dukes, Jeffrey S and Finzi, Adrien C and Hartwig, Ueli A and Hungate, Bruce A and McMurtrie, Ross E and Oren, Ram and Parton, William J and Pataki, Diane E and Shaw, Rebecca M and Zak, Donald R and Field, Christopher B},
doi = {10.1641/0006-3568(2004)054[0731:PNLOER]2.0.CO;2},
journal = {BioScience},
number = {8},
pages = {731--739},
title = {{Progressive nitrogen limitation of ecosystem responses to rising atmospheric carbon dioxide}},
volume = {54},
year = {2004}
}
@article{Luo2021,
author = {Luo, Xiangzhong and Keenan, Trevor F and Chen, Jing M and Croft, Holly and Prentice, I Colin and Smith, Nicholas G and Walker, Anthony P and Wang, Han and Wang, Rong and Xu, Chonggang and Zhang, Yao},
doi = {10.1038/s41467-021-25163-9},
issn = {2041-1723},
journal = {Nature Communications},
number = {1},
pages = {4866},
title = {{Global variation in the fraction of leaf nitrogen allocated to photosynthesis}},
volume = {12},
year = {2021}
}
@article{Maire2012,
author = {Maire, Vincent and Martre, Pierre and Kattge, Jens and Gastal, Fran{\c{c}}ois and Esser, Gerd and Fontaine, S{\'{e}}bastien and Soussana, Jean-Fran{\c{c}}ois},
doi = {10.1371/journal.pone.0038345},
editor = {Bond-Lamberty, Ben},
issn = {1932-6203},
journal = {PLoS ONE},
number = {6},
pages = {e38345},
title = {{The coordination of leaf photosynthesis links C and N fluxes in C$_{3}$ plant species}},
volume = {7},
year = {2012}
}
@article{Makino1997,
author = {Makino, Amane and Harada, M and Sato, T and Nakano, H and Mae, T},
doi = {10.1104/pp.115.1.199},
issn = {1532-2548},
journal = {Plant Physiology},
number = {1},
pages = {199--203},
title = {{Growth and N Allocation in Rice Plants under CO$_{2}$ Enrichment}},
volume = {115},
year = {1997}
}
@article{Makino2003,
author = {Makino, Amane},
journal = {Soil Science and Plant Nutrition},
number = {3},
pages = {319--327},
title = {{Rubisco and nitrogen relationships in rice: leaf photosynthesis and plant growth}},
volume = {49},
year = {2003}
}
@article{Marschner1994,
author = {Marschner, Horst and Dell, B},
doi = {10.1007/BF00000098},
issn = {0032079X},
journal = {Plant and Soil},
number = {1},
pages = {89--102},
title = {{Nutrient uptake in mycorrhizal symbiosis}},
volume = {159},
year = {1994}
}
@article{Markham2007,
author = {Markham, John H and Zekveld, Corinthe},
doi = {10.1139/B07-075},
issn = {0008-4026},
journal = {Canadian Journal of Botany},
number = {9},
pages = {787--793},
title = {{Nitrogen fixation makes biomass allocation to roots independent of soil nitrogen supply}},
year = {2007}
}
@article{Matamala2000,
author = {Matamala, Roser and Schlesinger, William H},
doi = {10.1046/j.1365-2486.2000.00374.x},
issn = {1354-1013},
journal = {Global Change Biology},
number = {8},
pages = {967--979},
title = {{Effects of elevated atmospheric CO$_{2}$ on fine root production and activity in an intact temperate forest ecosystem}},
volume = {6},
year = {2000}
}
@article{Medlyn2002,
author = {Medlyn, Belinda E and Dreyer, Erwin and Ellsworth, David S and Forstreuter, Manfred and Harley, Peter C and Kirschbaum, Miko U F and {Le Roux}, Xavier and Montpied, Pierre and Strassemeyer, J{\"{o}}rn and Walcroft, A. and Wang, K and Loustau, Denis},
doi = {10.1046/j.1365-3040.2002.00891.x},
issn = {01407791},
journal = {Plant, Cell and Environment},
number = {9},
pages = {1167--1179},
title = {{Temperature response of parameters of a biochemically based model of photosynthesis. II. A review of experimental data}},
volume = {25},
year = {2002}
}
@article{Menge2008,
author = {Menge, Duncan N L and Levin, Simon A and Hedin, Lars O},
doi = {10.1073/pnas.0711411105},
issn = {0027-8424},
journal = {Proceedings of the National Academy of Sciences},
number = {5},
pages = {1573--1578},
pmid = {18223153},
title = {{Evolutionary tradeoffs can select against nitrogen fixation and thereby maintain nitrogen limitation}},
volume = {105},
year = {2008}
}
@article{Menne2012,
author = {Menne, Matthew J and Durre, Imke and Vose, Russell S and Gleason, Byron E and Houston, Tamara G},
doi = {10.1175/JTECH-D-11-00103.1},
issn = {07390572},
journal = {Journal of Atmospheric and Oceanic Technology},

number = {7},
pages = {897--910},
title = {{An overview of the global historical climatology network-daily database}},
volume = {29},
year = {2012}
}
@article{Meyerholt2016,
author = {Meyerholt, Johannes and Zaehle, S{\"{o}}nke and Smith, Matthew J},
doi = {10.5194/bg-13-1491-2016},
issn = {1726-4189},
journal = {Biogeosciences},
number = {5},
pages = {1491--1518},
title = {{Variability of projected terrestrial biosphere responses to elevated levels of atmospheric CO$_{2}$ due to uncertainty in biological nitrogen fixation}},
volume = {13},
year = {2016}
}
@article{Meyerholt2020,
author = {Meyerholt, Johannes and Sickel, Kerstin and Zaehle, S{\"{o}}nke},
doi = {10.1111/gcb.15114},
issn = {13652486},
journal = {Global Change Biology},
number = {7},
pages = {3978--3996},
pmid = {32285534},
title = {{Ensemble projections elucidate effects of uncertainty in terrestrial nitrogen limitation on future carbon uptake}},
volume = {26},
year = {2020}
}
@article{Minocha2000,
author = {Minocha, Rakesh and Long, Stephanie and Magill, Alison H and Aber, John D and McDowell, William H},
doi = {10.1023/A:1004775829678},
issn = {0032079X},
journal = {Plant and Soil},
number = {1-2},
pages = {119--137},
title = {{Foliar free polyamine and inorganic ion content in relation to soil and soil solution chemistry in two fertilized forest stands at the Harvard Forest, Massachusetts}},
volume = {222},
year = {2000}
}
@article{Moore2006,
author = {Moore, David J.P. and Aref, Susanne and Ho, Ringo M. and Pippen, Jeffrey S. and Hamilton, Jason G. and {De Lucia}, Evan H.},
doi = {10.1111/j.1365-2486.2006.01189.x},
issn = {13541013},
journal = {Global Change Biology},
number = {8},
pages = {1367--1377},
title = {{Annual basal area increment and growth duration of Pinus taeda in response to eight years of free-air carbon dioxide enrichment}},
volume = {12},
year = {2006}
}
@article{Morgan2004,
author = {Morgan, J A and Pataki, D E and K{\"{o}}rner, Christian and Clark, H and {Del Grosso}, S J and Gr{\"{u}}nzweig, J M and Knapp, Alan K and Mosier, A R and Newton, P C D and Niklaus, P A and Nippert, J B and Nowak, R S and Parton, W J and Polley, H W and Shaw, M R},
doi = {10.1007/s00442-004-1550-2},
journal = {Oecologia},
number = {1},
pages = {11--25},
pmid = {15156395},
title = {{Water relations in grassland and desert ecosystems exposed to elevated atmospheric CO$_{2}$}},
volume = {140},
year = {2004}
}

@article{Munoz2016,
author = {Mu{\~{n}}oz, N and Qi, X and Li, M W and Xie, M and Gao, Y and Cheung, M Y and Wong, F L and Lam, Hon-Ming},
doi = {10.1038/hdy.2016.27},
issn = {13652540},
journal = {Heredity},
number = {2},
pages = {84--93},
pmid = {27118154},
title = {{Improvement in nitrogen fixation capacity could be part of the domestication process in soybean}},
volume = {117},
year = {2016}
}
@article{Nadelhoffer1992,
author = {Nadelhoffer, Knute J and Raich, James W},
doi = {10.2307/1940664},
issn = {00129658},
journal = {Ecology},
number = {4},
pages = {1139--1147},
title = {{Fine root production estimates and belowground carbon allocation in forest ecosystems}},
volume = {73},
year = {1992}
}
@article{Niinemets1997,
author = {Niinemets, {\"{U}}lo and Tenhunen, John D},
doi = {10.1046/j.1365-3040.1997.d01-133.x},
issn = {0140-7791},
journal = {Plant, Cell and Environment},
number = {7},
pages = {845--866},
title = {{A model separating leaf structural and physiological effects on carbon gain along light gradients for the shade-tolerant species \textit{Acer saccharum}}},
volume = {20},
year = {1997}
}
@article{Norby2004,
author = {Norby, Richard J and Ledford, J and Reilly, C D and Miller, N E and O'Neill, E G},
doi = {10.1073/pnas.0403491101},
issn = {0027-8424},
journal = {Proceedings of the National Academy of Sciences},
number = {26},
pages = {9689--9693},
title = {{Fine-root production dominates response of a deciduous forest to atmospheric CO$_{2}$ enrichment}},
volume = {101},
year = {2004}
}
@article{Norby2010,
author = {Norby, Richard J and Warren, Jeffrey M and Iversen, Colleen M and Medlyn, Belinda E and McMurtrie, Ross E},
journal = {Proceedings of the National Academy of Sciences},
number = {45},
pages = {19368--19373},
title = {{CO$_{2}$ enhancement of forest productivity constrained by limited nitrogen availability}},
volume = {107},
year = {2010}
}
@article{Novick2016,
author = {Novick, Kimberly A and Ficklin, Darren L and Stoy, Paul C and Williams, Christopher A and Bohrer, Gil and Oishi, A Christopher and Papuga, Shirley A and Blanken, Peter D and Noormets, Asko and Sulman, Benjamin N and Scott, Russell L and Wang, Lixin and Phillips, Richard P},
doi = {10.1038/nclimate3114},
issn = {17586798},
journal = {Nature Climate Change},
number = {11},
pages = {1023--1027},
title = {{The increasing importance of atmospheric demand for ecosystem water and carbon fluxes}},
volume = {6},
year = {2016}
}
@article{Noyce2019,
author = {Noyce, Genevieve L and Kirwan, Matthew L and Rich, Roy L and Megonigal, J Patrick},
doi = {doi.org/10.1073/pnas.1904990116},
journal = {Proceedings of the National Academy of Sciences},
number = {43},
pages = {21623--21628},
title = {{Asynchronous nitrogen supply and demand produce nonlinear plant allocation responses to warming and elevated CO$_{2}$}},
volume = {116},
year = {2019}
}
@article{Onoda2004,
author = {Onoda, Yusuke and Hikosaka, Kouki and Hirose, Tadaki},
doi = {10.1111/j.0269-8463.2004.00847.x},
issn = {0269-8463},
journal = {Functional Ecology},
number = {3},
pages = {419--425},
title = {{Allocation of nitrogen to cell walls decreases photosynthetic nitrogen-use efficiency}},
volume = {18},
year = {2004}
}
@article{Onoda2017,
author = {Onoda, Yusuke and Wright, Ian J and Evans, John R and Hikosaka, Kouki and Kitajima, Kaoru and Niinemets, {\"{U}}lo and Poorter, Hendrik and Tosens, Tiina and Westoby, Mark},
doi = {10.1111/nph.14496},
issn = {0028-646X},
journal = {New Phytologist},
number = {4},
pages = {1447--1463},
title = {{Physiological and structural trade-offs underlying the leaf economics spectrum}},
volume = {214},
year = {2017}
}
@article{Oren1999,
author = {Oren, Ram and Sperry, J S and Katul, G G and Pataki, D E and Ewers, B E and Phillips, N and Sch{\"{a}}fer, K V R},
doi = {10.1046/j.1365-3040.1999.00513.x},
issn = {01407791},
journal = {Plant, Cell and Environment},
number = {12},
pages = {1515--1526},
title = {{Survey and synthesis of intra- and interspecific variation in stomatal sensitivity to vapor pressure deficit}},
volume = {22},
year = {1999}
}
@article{Oreskes1994,
author = {Oreskes, Naomi and Shrader-Frechette, Kristin and Belitz, Kenneth},
journal = {Science},
number = {5147},
pages = {641--646},
title = {{Verification, validation, and confirmation of numerical models in the Earth sciences}},
volume = {263},
year = {1994}
}
@article{Osborne2009,
author = {Osborne, Colin P and Freckleton, Robert P},
doi = {10.1098/rspb.2008.1762},
issn = {14712970},
journal = {Proceedings of the Royal Society B: Biological Sciences},
number = {1663},
pages = {1753--1760},
pmid = {19324795},
title = {{Ecological selection pressures for C$_{4}$ photosynthesis in the grasses}},
volume = {276},
year = {2009}
}
@article{Paillassa2020,
author = {Paillassa, Jennifer and Wright, Ian J and Prentice, I Colin and Pepin, Steeve and Smith, Nicholas G and Ethier, Gilbert and Westerband, Andrea C and Lamarque, Laurent J and Wang, Han and Cornwell, William K and Maire, Vincent},
doi = {10.1111/nph.16702},
issn = {0028-646X},
journal = {New Phytologist},
number = {1},
pages = {121--135},
title = {{When and where soil is important to modify the carbon and water economy of leaves}},
volume = {228},
year = {2020}
}
@article{Parvin2020,
author = {Parvin, Shahnaj and Uddin, Shihab and Tausz Posch, Sabine and Armstrong, Roger and Tausz, Michael},
doi = {10.1111/nph.16520},
issn = {0028-646X},
journal = {New Phytologist},
number = {1},
pages = {132--145},
title = {{Carbon sink strength of nodules but not other organs modulates photosynthesis of faba bean (\textit{Vicia faba}) grown under elevated [CO$_{2}$] and different water supply}},
url = {https://onlinelibrary.wiley.com/doi/abs/10.1111/nph.16520},
volume = {227},
year = {2020}
}
@article{Paul2003,
author = {Paul, K I and Polglase, P J and O'Connell, A M and Carlyle, J C and Smethurst, P J and Khanna, P K},
doi = {10.1046/j.1365-2389.2003.00502.x},
issn = {13510754},
journal = {European Journal of Soil Science},
number = {1},
pages = {39--48},
title = {{Defining the relation between soil water content and net nitrogen mineralization}},
volume = {54},
year = {2003}
}
@article{Pedicino2002,
author = {Pedicino, Lisa C and Leavitt, Steven W and Betancourt, Julio L and De, Peter K Van},
journal = {Western North American Naturalist},
number = {3},
pages = {348--359},
title = {{Historical variations in $\delta^{13}$ leaf of herbarium specimens in the southwestern U.S.}},
volume = {62},
year = {2002}
}
@article{Peng2021,
author = {Peng, Yunke and Bloomfield, Keith J and Cernusak, Lucas A and Domingues, Tomas F and Prentice, Iain Colin},
doi = {10.1038/s42003-021-01985-7},
isbn = {4200302101},
issn = {2399-3642},
journal = {Communications Biology},
number = {1},
pages = {462},
pmid = {33846550},
title = {{Global climate and nutrient controls of photosynthetic capacity}},
volume = {4},
year = {2021}
}
@article{Perkowski2021,
author = {Perkowski, Evan A and Waring, Elizabeth F and Smith, Nicholas G},
doi = {10.1093/jxb/erab253},
issn = {0022-0957},
journal = {Journal of Experimental Botany},
number = {15},
pages = {5766--5776},
title = {{Root mass carbon costs to acquire nitrogen are determined by nitrogen and light availability in two species with different nitrogen acquisition strategies}},
volume = {72},
year = {2021}
}
@article{Phillips2011,
author = {Phillips, Richard P and Finzi, Adrien C and Bernhardt, Emily S},
doi = {10.1111/j.1461-0248.2010.01570.x},
issn = {1461023X},
journal = {Ecology Letters},
number = {2},
pages = {187--194},
title = {{Enhanced root exudation induces microbial feedbacks to N cycling in a pine forest under long-term CO$_{2}$ fumigation}},
volume = {14},
year = {2011}
}
@article{Phillips2013,
author = {Phillips, Richard P and Brzostek, Edward R and Midgley, Meghan G},
doi = {10.1111/nph.12221},
issn = {0028646X},
journal = {New Phytologist},
number = {1},
pages = {41--51},
title = {{The mycorrhizal-associated nutrient economy: a new framework for predicting carbon-nutrient couplings in temperate forests}},
volume = {199},
year = {2013}
}
@misc{Pinheiro2022,
author = {Pinheiro, Jos{\'{e}} and Bates, Douglas},
title = {nlme: linear and nonlinear mixed effects models},
year = {2022}
}
@article{Poggio2021,
author = {Poggio, Laura and {De Sousa}, Luis M. and Batjes, Niels H and Heuvelink, Gerard B M and Kempen, Bas and Ribeiro, Eloi and Rossiter, David},
issn = {2199398X},
journal = {Soil},
number = {1},
pages = {217--240},
title = {{SoilGrids 2.0: Producing soil information for the globe with quantified spatial uncertainty}},
volume = {7},
year = {2021}
}
@article{Pons1994,
author = {Pons, T L and Pearcy, R W},
doi = {10.1111/j.1399-3054.1994.tb03034.x},
issn = {13993054},
journal = {Physiologia Plantarum},
number = {4},
pages = {636--644},
title = {{Nitrogen reallocation and photosynthetic acclimation in response to partial shading in soybean plants}},
volume = {92},
year = {1994}
}
@article{Poorter2012,
author = {Poorter, Hendrik and B{\"{u}}hler, Jonas and {Van Dusschoten}, Dagmar and Climent, Jo{\'{s}} and Postma, Johannes A.},
doi = {10.1071/FP12049},
issn = {14454408},
journal = {Functional Plant Biology},
number = {11},
pages = {839--850},
title = {{Pot size matters: A meta-analysis of the effects of rooting volume on plant growth}},
volume = {39},
year = {2012}
}
@article{Poorter2022,
author = {Poorter, Hendrik and Knopf, Oliver and Wright, Ian J and Temme, Andries A and Hogewoning, Sander W and Graf, Alexander and Cernusak, Lucas A and Pons, Thijs L},
doi = {10.1111/nph.17802},
issn = {14698137},
journal = {New Phytologist},
number = {4},
pages = {1560--1596},
pmid = {34657301},
title = {{A meta-analysis of responses of C$_{3}$ plants to atmospheric CO$_{2}$: dose–response curves for 85 traits ranging from the molecular to the whole-plant level}},
volume = {233},
year = {2022}
}
@article{Prentice2014,
author = {Prentice, I Colin and Dong, Ning and Gleason, Sean M and Maire, Vincent and Wright, Ian J},
doi = {10.1111/ele.12211},
issn = {1461023X},
journal = {Ecology Letters},
number = {1},
pages = {82--91},
title = {{Balancing the costs of carbon gain and water transport: testing a new theoretical framework for plant functional ecology}},
volume = {17},
year = {2014}
}
@article{Prentice2015,
author = {Prentice, I Colin and Liang, Xu and Medlyn, Belinda E and Wang, Ying-Ping},
doi = {10.5194/acp-15-5987-2015},
issn = {16807324},
journal = {Atmospheric Chemistry and Physics},
pages = {5987--6005},
title = {{Reliable, robust and realistic: The three R's of next-generation land-surface modelling}},
volume = {15},
year = {2015}
}
@article{Priestley1972,
author = {Priestley, C H B and Taylor, R J},
doi = {10.1175/1520-0493(1972)100<0081:OTAOSH>2.3.CO;2},
issn = {0027-0644},
journal = {Monthly Weather Review},
number = {2},
pages = {81--92},
title = {{On the Assessment of Surface Heat Flux and Evaporation Using Large-Scale Parameters}},
volume = {100},
year = {1972}
}
@article{Querejeta2022,
author = {Querejeta, Jos{\'{e}} Ignacio and Prieto, Iv{\'{a}}n and Armas, Cristina and Casanoves, Fernando and Di{\'{e}}m{\'{e}}, Joseph S. and Diouf, Mayecor and Yossi, Harouna and Kaya, Bocary and Pugnaire, Francisco I. and Rusch, Graciela M.},
doi = {10.1111/nph.18254},
issn = {0028-646X},
journal = {New Phytologist},
number = {4},
pages = {1351--1364},
title = {{Higher leaf nitrogen content is linked to tighter stomatal regulation of transpiration and more efficient water use across dryland trees}},
volume = {235},
year = {2022}
}
@article{Raich2014,
author = {Raich, James W and Clark, Deborah A and Schwendenmann, Luitgard and Wood, Tana E},
doi = {10.1371/journal.pone.0100275},
issn = {1932-6203},
journal = {PLoS ONE},
number = {6},
pages = {e100275},
title = {{Aboveground tree growth varies with belowground carbon allocation in a tropical rainforest environment}},
volume = {9},
year = {2014}
}
@article{Rastetter2001,
author = {Rastetter, E B and Vitousek, Peter M and Field, Christopher B and Shaver, G R and Herbert, D and {\AA}gren, G{\"{o}}ran I},
doi = {10.1007/s10021-001-0018-z},
issn = {1432-9840},
journal = {Ecosystems},
number = {4},
pages = {369--388},
title = {{Resource optimization and symbiotic nitrogen fixation}},
volume = {4},
year = {2001}
}
@misc{RCoreTeam2021,
address = {Vienna, Austria},
author = {{R Core Team}},
publisher = {R Foundation for Statistical Computing},
title = {{R: A language and environment for statistical computing}},
url = {https://www.r-project.org/},
year = {2021}
}
@article{Reich2006,
author = {Reich, Peter B and Hobbie, Sarah E and Lee, Tali and Ellsworth, David S and West, Jason B and Tilman, David and Knops, Johannes M H and Naeem, Shahid and Trost, Jared},
doi = {10.1038/nature04486},
issn = {0028-0836},
journal = {Nature},
number = {7086},
pages = {922--925},
title = {{Nitrogen limitation constrains sustainability of ecosystem response to CO$_{2}$}},
volume = {440},
year = {2006}
}
@article{Reich2014,
author = {Reich, Peter B},
doi = {10.1111/1365-2745.12211},
issn = {00220477},
journal = {Journal of Ecology},
number = {2},
pages = {275--301},
title = {{The world-wide 'fast-slow' plant economics spectrum: a traits manifesto}},
url = {http://doi.wiley.com/10.1111/1365-2745.12211},
volume = {102},
year = {2014}
}
@article{Reichman1966,
author = {Reichman, G A and Grunes, D L and Viets, F G},
doi = {10.2136/sssaj1966.03615995003000030019x},
issn = {03615995},
journal = {Soil Science Society of America Journal},
number = {3},
pages = {363--366},
title = {{Effect of soil moisture on ammonification and nitrification in two Northern Plains soils}},
volume = {30},
year = {1966}
}
@article{Rhine1998,
author = {Rhine, E D and Mulvaney, R L and Pratt, E J and Sims, G K},
doi = {10.2136/sssaj1998.03615995006200020026x},
issn = {0361-5995},
journal = {Soil Science Society of America Journal},
number = {2},
pages = {473},
title = {{Improving the Berthelot reaction for determining ammonium in soil extracts and water}},
volume = {62},
year = {1998}
}
@article{Rogers2014,
author = {Rogers, Alistair},
doi = {10.1007/s11120-013-9818-1},
issn = {0166-8595},
journal = {Photosynthesis Research},
number = {1-2},
pages = {15--29},
title = {{The use and misuse of $V_\mathrm{cmax}$ in Earth System Models}},
volume = {119},
year = {2014}
}
@article{Rogers2017a,
author = {Rogers, Alistair and Medlyn, Belinda E and Dukes, Jeffrey S and Bonan, Gordon B and Caemmerer, Susanne and Dietze, Michael C and Kattge, Jens and Leakey, Andrew D B and Mercado, Lina M and Niinemets, {\"{U}}lo and Prentice, I Colin and Serbin, Shawn P and Sitch, Stephen and Way, Danielle A and Zaehle, S{\"{o}}nke},
doi = {10.1111/nph.14283},
issn = {0028-646X},
journal = {New Phytologist},
number = {1},
pages = {22--42},
title = {{A roadmap for improving the representation of photosynthesis in Earth system models}},
volume = {213},
year = {2017}
}
@article{Saathoff2021,
author = {Saathoff, Aaron J and Welles, Jon},
doi = {10.1111/pce.14178},
issn = {13653040},
journal = {Plant Cell and Environment},
number = {11},
pages = {3509--3523},
pmid = {34480484},
title = {{Gas exchange measurements in the unsteady state}},
volume = {44},
year = {2021}
}
@article{Sage1987_c3c4,
author = {Sage, Rowan F and Pearcy, Robert W},
doi = {10.1104/pp.84.3.954},
issn = {0032-0889},
journal = {Plant Physiology},
number = {3},
pages = {954--958},
pmid = {16665550},
title = {{The nitrogen use efficiency of C$_{3}$ and C$_{4}$ plants: I. Leaf nitrogen, growth, and biomass partitioning in \textit{Chenopodium album} (L.) and \textit{Amaranthus retroflexus} (L.)}},
volume = {84},
year = {1987}
}
@article{Saleh2020,
author = {Saleh, Ahmed M and Abdel-Mawgoud, Mohamed and Hassan, Ahmed R and Habeeb, Talaat H and Yehia, Ramy S and AbdElgawad, Hamada},
doi = {10.1016/j.plaphy.2020.03.026},
issn = {09819428},
journal = {Plant Physiology and Biochemistry},
pages = {255--263},
title = {{Global metabolic changes induced by arbuscular mycorrhizal fungi in oregano plants grown under ambient and elevated levels of atmospheric CO$_{2}$}},
volume = {151},
year = {2020}
}
@article{Saxton2006,
author = {Saxton, K E and Rawls, W J},
doi = {10.2136/sssaj2005.0117},
issn = {03615995},
journal = {Soil Science Society of America Journal},
number = {5},
pages = {1569--1578},
title = {{Soil water characteristic estimates by texture and organic matter for hydrologic solutions}},
volume = {70},
year = {2006}
}
@article{Schaefer2012,
author = {Schaefer, Kevin and Schwalm, Christopher R and Williams, Chris and Arain, M Altaf and Barr, Alan and Chen, Jing M and Davis, Kenneth J and Dimitrov, Dimitre and Hilton, Timothy W and Hollinger, David Y and Humphreys, Elyn and Poulter, Benjamin and Raczka, Brett M and Richardson, Andrew D and Sahoo, Alok and Thornton, Peter and Vargas, Rodrigo and Verbeeck, Hans and Anderson, Ryan and Baker, Ian and Black, T Andrew and Bolstad, Paul and Chen, Jiquan and Curtis, Peter S and Desai, Ankur R and Dietze, Michael C and Dragoni, Danilo and Gough, Christopher M and Grant, Robert F and Gu, Lianhong and Jain, Atul K and Kucharik, Chris and Law, Beverly E and Liu, Shuguang and Lokipitiya, Erandathie and Margolis, Hank A and Matamala, Roser and McCaughey, J Harry and Monson, Russ and Munger, J William and Oechel, Walter and Peng, Changhui and Price, David T and Ricciuto, Dan and Riley, William J and Roulet, Nigel and Tian, Hanqin and Tonitto, Christina and Torn, Margaret and Weng, Ensheng and Zhou, Xiaolu},
doi = {10.1029/2012JG001960},
issn = {01480227},
journal = {Journal of Geophysical Research: Biogeosciences},
number = {G3},
pages = {G03010},
title = {{A model-data comparison of gross primary productivity: Results from the North American Carbon Program site synthesis}},
volume = {117},
year = {2012}
}
@article{Schmitt1981,
author = {Schmitt, Mark R and Edwards, Gerald E},
doi = {10.1093/jxb/32.3.459},
issn = {00220957},
journal = {Journal of Experimental Botany},
number = {3},
pages = {459--466},
title = {{Photosynthetic capacity and nitrogen use efficiency of maize, wheat, and rice: A comparison between C$_{3}$ and C$_{4}$ photosynthesis}},
volume = {32},
year = {1981}
}
@article{Schneider2012,
author = {Schneider, Caroline A and Rasband, Wayne S and Eliceiri, Kevin W},
doi = {10.1038/nmeth.2089},
issn = {1548-7105},
journal = {Nature Methods},
number = {7},
pages = {671--675},
pmid = {22930834},
title = {{NIH Image to ImageJ: 25 years of image analysis.}},
volume = {9},
year = {2012}
}
@article{Scott2022,
author = {Scott, Helen G and Smith, Nicholas G},
doi = {10.1029/2021MS002470},
issn = {19422466},
journal = {Journal of Advances in Modeling Earth Systems},
number = {3},
pages = {1--16},
title = {{A Model of C$_{4}$ photosynthetic acclimation based on least-cost optimality theory suitable for Earth system model incorporation}},
volume = {14},
year = {2022}
}
@article{Shi2016,
author = {Shi, Mingjie and Fisher, Joshua B and Brzostek, Edward R and Phillips, Richard P},
doi = {10.1111/gcb.13131},
issn = {13652486},
journal = {Global Change Biology},
number = {3},
pages = {1299--1314},
pmid = {26473512},
title = {{Carbon cost of plant nitrogen acquisition: Global carbon cycle impact from an improved plant nitrogen cycle in the Community Land Model}},
volume = {22},
year = {2016}
}
@article{Shi2019,
author = {Shi, Mingjie and Fisher, Joshua B and Phillips, Richard P and Brzostek, Edward R},
doi = {10.5194/bg-16-457-2019},
issn = {1726-4189},
journal = {Biogeosciences},
number = {2},
pages = {457--465},
title = {{Neglecting plant–microbe symbioses leads to underestimation of modeled climate impacts}},
volume = {16},
year = {2019}
}
@book{Smith2008,
author = {Smith, Sally E and Read, David J},
title = {{Mycorrhizal Symbiosis}},
publisher = {{Academic Press}},
year = {2008}
}
@article{Smith2013,
author = {Smith, Nicholas G and Dukes, Jeffrey S},
doi = {10.1111/j.1365-2486.2012.02797.x},
issn = {13541013},
journal = {Global Change Biology},
number = {1},
pages = {45--63},
title = {{Plant respiration and photosynthesis in global-scale models: incorporating acclimation to temperature and CO$_{2}$}},
volume = {19},
year = {2013}
}
@article{Smith2014,
author = {Smith, B and W{\"{a}}rlind, D and Arneth, A and Hickler, Thomas and Leadley, Paul and Siltberg, J and Zaehle, S{\"{o}}nke},
doi = {10.5194/bg-11-2027-2014},
issn = {17264189},
journal = {Biogeosciences},
number = {7},
pages = {2027--2054},
title = {{Implications of incorporating N cycling and N limitations on primary production in an individual-based dynamic vegetation model}},
volume = {11},
year = {2014}
}
@article{Smith2016,
author = {Smith, Nicholas G and Malyshev, Sergey L and Shevliakova, Elena and Kattge, Jens and Dukes, Jeffrey S},
doi = {10.1038/nclimate2878},
issn = {1758-678X},
journal = {Nature Climate Change},
number = {4},
pages = {407--411},
title = {{Foliar temperature acclimation reduces simulated carbon sensitivity to climate}},
volume = {6},
year = {2016}
}
@article{Smith2017,
author = {Smith, Nicholas G and Lombardozzi, Danica L and Tawfik, Ahmed and Bonan, Gordon B and Dukes, Jeffrey S},
doi = {10.1002/2016MS000732},
issn = {19422466},
journal = {Journal of Advances in Modeling Earth Systems},
number = {1},
pages = {536--547},
title = {{Biophysical consequences of photosynthetic temperature acclimation for climate}},
volume = {9},
year = {2017}
}
@article{Smith2018,
author = {Smith, Nicholas G and Dukes, Jeffrey S},
doi = {10.1002/ecy.2370},
issn = {0012-9658},
journal = {Ecology},
number = {7},
pages = {1610--1620},
pmid = {29705984},
title = {{Drivers of leaf carbon exchange capacity across biomes at the continental scale}},
volume = {99},
year = {2018}
}
@article{Smith2019,
author = {Smith, Nicholas G and Keenan, Trevor F and Prentice, I C and Wang, Han and Wright, Ian J and Niinemets, {\"{U}}lo and Crous, Kristine Y and Domingues, Tomas F and Guerrieri, Rossella and oko Ishida, FY and Kattge, Jens and Kruger, Eric L and Maire, Vincent and Rogers, Alistair and Serbin, Shawn P and Tarvainen, Lasse and Togashi, Henrique F and Townsend, Philip A and Wang, Meng and Weerasinghe, Lasantha K and Zhou, Shuang-Xi},
doi = {10.1111/ele.13210},
issn = {1461-023X},
journal = {Ecology Letters},
number = {3},
pages = {506--517},
title = {{Global photosynthetic capacity is optimized to the environment}},
volume = {22},
year = {2019}
}
@article{Smith2020,
author = {Smith, Nicholas G and Keenan, Trevor F},
doi = {10.1111/gcb.15212},
issn = {1354-1013},
journal = {Global Change Biology},
number = {9},
pages = {5202--5216},
title = {{Mechanisms underlying leaf photosynthetic acclimation to warming and elevated CO$_{2}$ as inferred from least‐cost optimality theory}},
volume = {26},
year = {2020}
}
@misc{SoilSurveyStaff2022,
author = {{Soil Survey Staff}},
journal = {Natural Resources Conservation Service, United States Department of Agriculture, Available online at the following link: http://websoilsurvey.sc.egov.usda.gov/. Accessed 11/18/2022},
publisher = {Natural Resources Conservation Service United States Department of Agriculture},
title = {{Web Soil Survey}},
url = {http://websoilsurvey.sc.egov.usda.gov/},
year = {2022}
}
@article{Soudzilovskaia2015,
author = {Soudzilovskaia, Nadejda A and Douma, Jacob C and Akhmetzhanova, Asem A and van Bodegom, Peter M and Cornwell, William K and Moens, Esther J and Treseder, Kathleen K and Cornelissen, Johannes H C},
journal = {Global Ecology and Biogeography},
number = {3},
pages = {371--382},
title = {{Global patterns of plant root colonization intensity by mycorrhizal fungi explained by climate and soil chemistry}},
volume = {24},
year = {2015}
}
@article{Stark1995,
author = {Stark, J M and Firestone, M K},
doi = {10.1128/aem.61.1.218-221.1995},
journal = {Applied and Environmental Microbiology},
number = {1},
pages = {218--221},
pmid = {16534906},
title = {{Mechanisms for soil moisture effects on activity of nitrifying bacteria}},
volume = {61},
year = {1995}
}
@article{Stocker2018,
author = {Stocker, Benjamin D and Zscheischler, Jakob and Keenan, Trevor F and Prentice, Iain Colin and Pe{\~{n}}uelas, Josep and Seneviratne, Sonia I},
doi = {10.1111/nph.15123},
issn = {14698137},
journal = {New Phytologist},
number = {4},
pages = {1430--1449},
pmid = {29604221},
title = {{Quantifying soil moisture impacts on light use efficiency across biomes}},
volume = {218},
year = {2018}
}
@article{Stocker2020,
author = {Stocker, Benjamin D and Wang, Han and Smith, Nicholas G and Harrison, Sandy P and Keenan, Trevor F and Sandoval, David and Davis, Tyler and Prentice, I Colin},
doi = {10.5194/gmd-13-1545-2020},
issn = {19919603},
journal = {Geoscientific Model Development},
number = {3},
pages = {1545--1581},
title = {{P-model v1.0: An optimality-based light use efficiency model for simulating ecosystem gross primary production}},
volume = {13},
year = {2020}
}
@article{Sulman2016,
author = {Sulman, Benjamin N and Roman, D Tyler and Yi, Koong and Wang, Lixin and Phillips, Richard P and Novick, Kimberly A},
doi = {10.1002/2016GL069416},
issn = {19448007},
journal = {Geophysical Research Letters},
number = {18},
pages = {9686--9695},
title = {{High atmospheric demand for water can limit forest carbon uptake and transpiration as severely as dry soil}},
volume = {43},
year = {2016}
}
@article{Sulman2019,
author = {Sulman, Benjamin N and Shevliakova, Elena and Brzostek, Edward R and Kivlin, Stephanie N and Malyshev, Sergey L and Menge, Duncan N L and Zhang, Xin},
doi = {10.1029/2018GB005973},
issn = {19449224},
journal = {Global Biogeochemical Cycles},
number = {4},
pages = {501--523},
title = {{Diverse mycorrhizal associations enhance terrestrial C storage in a global model}},
volume = {33},
year = {2019}
}
@article{Sweet2017,
author = {Sweet, Shannan K and Wolfe, David W and DeGaetano, Arthur and Benner, Rebecca},
doi = {10.1016/J.AGRFORMET.2017.08.024},
issn = {01681923},
journal = {Agricultural and Forest Meteorology},
pages = {571--581},
title = {{Anatomy of the 2016 drought in the Northeastern United States: Implications for agriculture and water resources in humid climates}},
volume = {247},
year = {2017}
}
@article{Taylor2018,
author = {Taylor, Benton N and Menge, Duncan N L},
doi = {10.1038/s41477-018-0231-9},
issn = {2055-0278},
journal = {Nature Plants},
number = {9},
pages = {655--661},
title = {{Light regulates tropical symbiotic nitrogen fixation more strongly than soil nitrogen}},
volume = {4},
year = {2018}
}
@article{Terrer2016,
author = {Terrer, C{\'{e}}sar and Vicca, Sara and Hungate, Bruce A and Phillips, Richard P and Prentice, I Colin},
doi = {10.1126/science.aaf4610},
issn = {0036-8075},
journal = {Science},
number = {6294},
pages = {72--74},
title = {{Mycorrhizal association as a primary control of the CO$_{2}$ fertilization effect}},
volume = {353},
year = {2016}
}
@article{Terrer2018,
author = {Terrer, C{\'{e}}sar and Vicca, Sara and Stocker, Benjamin D. and Hungate, Bruce A and Phillips, Richard P and Reich, Peter B and Finzi, Adrien C and Prentice, I Colin},
doi = {10.1111/nph.14872},
isbn = {7476820487},
issn = {0028-646X},
journal = {New Phytologist},
number = {2},
pages = {507--522},
title = {{Ecosystem responses to elevated CO$_{2}$ governed by plant–soil interactions and the cost of nitrogen acquisition}},
volume = {217},
year = {2018}
}
@misc{Thieurmel2019,
author = {Thieurmel, Benoit and Elmarhraoui, Achraf},
title = {{suncalc: Compute sun position, sunlight phases, moon position, and lunar phase}},
year = {2019}
}
@article{Thomas2013,
author = {Thomas, R Quinn and Zaehle, S{\"{o}}nke and Templer, Pamela H and Goodale, Christine L},
doi = {10.1111/gcb.12281},
issn = {13541013},
journal = {Global Change Biology},
number = {10},
pages = {2986--2998},
title = {{Global patterns of nitrogen limitation: confronting two global biogeochemical models with observations}},
volume = {19},
year = {2013}
}
@article{Thomas2015,
author = {Thomas, R Quinn and Brookshire, E N Jack and Gerber, Stefan},
doi = {10.1111/gcb.12813},
issn = {1354-1013},
journal = {Global Change Biology},
number = {5},
pages = {1777--1793},
title = {{Nitrogen limitation on land: how can it occur in Earth system models?}},
volume = {21},
year = {2015}
}
@article{Thornton2007,
author = {Thornton, Peter E and Lamarque, Jean-Fran{\c{c}}ois and Rosenbloom, Nan A and Mahowald, Natalie M},
doi = {10.1029/2006GB002868},
issn = {08866236},
journal = {Global Biogeochemical Cycles},
number = {4},
pages = {GB4018},
title = {{Influence of carbon-nitrogen cycle coupling on land model response to CO$_{2}$ fertilization and climate variability}},
volume = {21},
year = {2007}
}
@article{Tingey2000,
author = {Tingey, David T and Phillips, Donald L and Johnson, Mark G},
doi = {10.1046/j.1469-8137.2000.00684.x},
issn = {0028646X},
journal = {New Phytologist},
number = {1},
pages = {87--103},
title = {{Elevated CO$_{2}$ and conifer roots: effects on growth, life span and turnover}},
volume = {147},
year = {2000}
}
@misc{USDANRCS2022,
author = {{USDA NRCS}},
journal = {(http://plants.usda.gov, 18 November 2022). National Plant Data Team, Greensboro, NC 27401-4901 USA.},
title = {{The PLANTS Database}},
year = {2022}
}
@article{Udvardi2013,
author = {Udvardi, Michael and Poole, Philip S},
doi = {10.1146/annurev-arplant-050312-120235},
issn = {15435008},
journal = {Annual Review of Plant Biology},
pages = {781--805},
pmid = {23451778},
title = {{Transport and metabolism in legume-rhizobia symbioses}},
volume = {64},
year = {2013}
}
@article{Uselman2000,
author = {Uselman, Shauna M and Qualls, Robert G and Thomas, Richard B},
doi = {https://doi.org/10.1023/A:1004705416108},
journal = {Plant and Soil},
pages = {191--202},
title = {{Effects of increased atmospheric CO$_{2}$, temperature, and soil N availability on root exudation of dissolved organic carbon by an N-fixing tree (\textit{Robinia pseudoacacia} L.)}},
volume = {222},
year = {2000}
}
@article{Vance1991,
author = {Vance, C P and Heichel, G H},
doi = {10.1146/annurev.arplant.42.1.373},
issn = {10402519},
journal = {Annual Review of Plant Physiology and Plant Molecular Biology},
number = {1},
pages = {373--392},
title = {{Carbon in N$_{2}$ fixation: Limitation or exquisite adaptation}},
volume = {42},
year = {1991}
}
@article{VanDiepen2007,
author = {van Diepen, Linda T A and Lilleskov, Erik A and Pregitzer, Kurt S and Miller, R Michael},
doi = {10.1111/j.1469-8137.2007.02150.x},
issn = {0028646X},
journal = {New Phytologist},
number = {1},
pages = {175--183},
title = {{Decline of arbuscular mycorrhizal fungi in northern hardwood forests exposed to chronic nitrogen additions}},
volume = {176},
year = {2007}
}
@article{Viet2013,
author = {Viet, Hung Dinh and Kwak, Jin-Hyeob and Lee, Kwang-Seung and Lim, Sang-Sun and Matsushima, Miwa and Chang, Scott X and Lee, Kye-Han and Choi, Woo-Jung},
doi = {10.1007/s11104-012-1301-9},
issn = {0032-079X},
journal = {Plant and Soil},
number = {1-2},
pages = {101--112},
title = {{Foliar chemistry and tree ring $\delta^{13}$C of \textit{Pinus densiflora} in relation to tree growth along a soil pH gradient}},
volume = {363},
year = {2013}
}
@article{Vitousek1991,
author = {Vitousek, Peter M. and Howarth, Robert W.},
doi = {10.1007/BF00002772},
issn = {01682563},
journal = {Biogeochemistry},
number = {2},
pages = {87--115},
title = {{Nitrogen limitation on land and in the sea: How can it occur?}},
volume = {13},
year = {1991}
}
@incollection{Vitousek2002,
author = {Vitousek, Peter M and Cassman, Ken and Cleveland, Cory C and Crews, Tim and Field, Christopher B and Grimm, Nancy B and Howarth, Robert W and Marino, Roxanne and Martinelli, Luiz and Rastetter, Edward B and Sprent, Janet I},
booktitle = {The Nitrogen Cycle at Regional to Global Scales},
doi = {10.1007/978-94-017-3405-9_1},
pages = {1--45},
publisher = {Springer Netherlands},
title = {{Towards an ecological understanding of biological nitrogen fixation}},
year = {2002}
}
@article{Vitousek2010,
author = {Vitousek, Peter M and Porder, Stephen and Houlton, Benjamin Z and Chadwick, Oliver A},
doi = {10.1890/08-0127.1},
issn = {1051-0761},
journal = {Ecological Applications},
number = {1},
pages = {5--15},
title = {{Terrestrial phosphorus limitation: mechanisms, implications, and nitrogen–phosphorus interactions}},
volume = {20},
year = {2010}
}
@article{Walker2014,
author = {Walker, Anthony P and Beckerman, Andrew P and Gu, Lianhong and Kattge, Jens and Cernusak, Lucas A and Domingues, Tomas F and Scales, Joanna C and Wohlfahrt, Georg and Wullschleger, Stan D and Woodward, F. Ian},
doi = {10.1002/ece3.1173},
issn = {20457758},
journal = {Ecology and Evolution},
number = {16},
pages = {3218--3235},
title = {{The relationship of leaf photosynthetic traits - V$_{cmax}$ and J$_{max}$ - to leaf nitrogen, leaf phosphorus, and specific leaf area: a meta-analysis and modeling study}},
volume = {4},
year = {2014}
}
@article{Walker2021,
author = {Walker, Anthony P and Johnson, Abbey L and Rogers, Alistair and Anderson, Jeremiah and Bridges, Robert A and Fisher, Rosie A and Lu, Dan and Ricciuto, Daniel M and Serbin, Shawn P and Ye, Ming},
doi = {10.1111/gcb.15366},
issn = {1354-1013},
journal = {Global Change Biology},
number = {4},
pages = {804--822},
title = {{Multi‐hypothesis comparison of Farquhar and Collatz photosynthesis models reveals the unexpected influence of empirical assumptions at leaf and global scales}},
volume = {27},
year = {2021}
}
@article{Wang2017,
author = {Wang, Han and Prentice, I Colin and Keenan, Trevor F and Davis, Tyler W and Wright, Ian J and Cornwell, William K and Evans, Bradley J and Peng, Changhui},
doi = {10.1038/s41477-017-0006-8},
issn = {2055-0278},
journal = {Nature Plants},
number = {9},
pages = {734--741},
pmid = {29150690},
title = {{Towards a universal model for carbon dioxide uptake by plants}},
volume = {3},
year = {2017}
}
@article{Wang2017_NPP_stability,
author = {Wang, Junfeng and Knops, Johannes M.H. and Brassil, Chad E. and Mu, Chunsheng},
doi = {10.1002/ecy.1878},
issn = {00129658},
journal = {Ecology},
number = {7},
pages = {1779--1786},
pmid = {28452051},
title = {{Increased productivity in wet years drives a decline in ecosystem stability with nitrogen additions in arid grasslands}},
volume = {98},
year = {2017}
}
@article{Wang2018,
author = {Wang, Wenna and Wang, Yan and Hoch, G{\"{u}}nter and Wang, Zhengquan and Gu, Jiacun},
doi = {10.1007/s11104-018-3563-3},
issn = {0032-079X},
journal = {Plant and Soil},
number = {1-2},
pages = {189--200},
title = {{Linkage of root morphology to anatomy with increasing nitrogen availability in six temperate tree species}},
volume = {425},
year = {2018}
}
@article{Wang2023,
author = {Wang, Han and Prentice, Iain Colin and Wright, Ian J and Warton, David I and Qiao, Shengchao and Xu, Xiangtao and Zhou, Jian and Kikuzawa, Kihachiro and Stenseth, Nils Chr},
doi = {10.1126/sciadv.add5667},
issn = {2375-2548},
journal = {Science Advances},
number = {3},
pages = {eadd566},
title = {{Leaf economics fundamentals explained by optimality principles}},
volume = {9},
year = {2023}
}
@unpublished{Waring,
  author = {Waring, Elizabeth F and Perkowski, Evan A and Smith, Nicholas G},
  note   = {{in review}},
  title  = {{Soil nitrogen fertilization reduces relative leaf nitrogen allocation to photosynthesis}},
  year   = {2023}
}
@article{Weatherburn1967,
author = {Weatherburn, M W},
doi = {10.1021/ac60252a045},
issn = {0003-2700},
journal = {Analytical Chemistry},
number = {8},
pages = {971--974},
title = {{Phenol-hypochlorite reaction for determination of ammonia}},
volume = {39},
year = {1967}
}
@article{Wellburn1994,
author = {Wellburn, Alan R},
doi = {10.1016/S0176-1617(11)81192-2},
issn = {01761617},
journal = {Journal of Plant Physiology},
number = {3},
pages = {307--313},
title = {{The spectral determination of chlorophylls a and b, as well as total carotenoids, using various solvents with spectrophotometers of different resolution}},
volume = {144},
year = {1994}
}
@article{Wen2022,
author = {Wen, Zhihui and White, Philip J. and Shen, Jianbo and Lambers, Hans},
doi = {10.1111/nph.17854},
issn = {14698137},
journal = {New Phytologist},
number = {4},
pages = {1620--1635},
pmid = {34761404},
title = {{Linking root exudation to belowground economic traits for resource acquisition}},
volume = {233},
year = {2022}
}
@article{Westerband2023,
author = {Westerband, Andrea C. and Wright, Ian J. and Maire, Vincent and Paillassa, Jennifer and Prentice, Iain Colin and Atkin, Owen K. and Bloomfield, Keith J. and Cernusak, Lucas A. and Dong, Ning and Gleason, Sean M. and {Guilherme Pereira}, Caio and Lambers, Hans and Leishman, Michelle R. and Malhi, Yadvinder and Nolan, Rachael H.},
doi = {10.1111/gcb.16501},
isbn = {1410706516},
issn = {1354-1013},
journal = {Global Change Biology},
pages = {1--29},
pmid = {25669675},
title = {{Coordination of photosynthetic traits across soil and climate gradients}},
year = {2023},
volume = {29},
number = {3},
}
@article{Wieder2015_NPP,
author = {Wieder, William R and Cleveland, Cory C and Smith, W Kolby and Todd-Brown, Katherine},
doi = {10.1038/ngeo2413},
issn = {1752-0894},
journal = {Nature Geoscience},
number = {6},
pages = {441--444},
title = {{Future productivity and carbon storage limited by terrestrial nutrient availability}},
volume = {8},
year = {2015}
}
@article{Wieder2019,
author = {Wieder, William R and Lawrence, David M and Fisher, Rosie A and Bonan, Gordon B and Cheng, Susan J and Goodale, Christine L and Grandy, A Stuart and Koven, Charles D and Lombardozzi, Danica L and Oleson, Keith W and Thomas, R Quinn},
doi = {10.1029/2018GB006141},
issn = {0886-6236},
journal = {Global Biogeochemical Cycles},
number = {10},
pages = {1289--1309},
title = {{Beyond static benchmarking: using experimental manipulations to evaluate land model assumptions}},
volume = {33},
year = {2019}
}
@article{Wright2003,
author = {Wright, Ian J and Reich, Peter B and Westoby, Mark},
doi = {0003-0147/2003/16101-010387},
journal = {The American Naturalist},
number = {1},
pages = {98--111},
title = {{Least-cost input mixtures of water and nitrogen for photosynthesis}},
volume = {161},
year = {2003}
}
@article{Wright2004,
author = {Wright, Ian J and Reich, Peter B and Westoby, Mark and Ackerly, David D and Baruch, Zdravko and Bongers, Frans and Cavender-Bares, Jeannine and Chapin, Terry and Cornelissen, Johannes H C and Diemer, Matthias and Flexas, Jaume and Garnier, Eric and Groom, Philip K and Gulias, Javier and Hikosaka, Kouki and Lamont, Byron B and Lee, Tali and Lee, William and Lusk, Christopher and Midgley, Jeremy J and Navas, Marie-Laure and Niinemets, {\"{U}}lo and Oleksyn, Jacek and Osada, Noriyuki and Poorter, Hendrik and Poot, Pieter and Prior, Lynda and Pyankov, Vladimir I and Roumet, Catherine and Thomas, Sean C and Tjoelker, Mark G and Veneklaas, Erik J and Villar, Rafael},
doi = {10.1038/nature02403},
issn = {0028-0836},
journal = {Nature},
number = {6985},
pages = {821--827},
title = {{The worldwide leaf economics spectrum}},
volume = {428},
year = {2004}
}
@article{Xu-Ri2017,
author = {Xu-Ri and Prentice, I Colin},
doi = {10.5194/bg-14-2003-2017},
issn = {1726-4189},
journal = {Biogeosciences},
number = {7},
pages = {2003--2017},
title = {{Modelling the demand for new nitrogen fixation by terrestrial ecosystems}},
volume = {14},
year = {2017}
}
@article{Yahdjian2011,
author = {Yahdjian, Laura and Gherardi, Laureano A and Sala, Osvaldo E},
doi = {10.1016/j.jaridenv.2011.03.003},
issn = {01401963},
journal = {Journal of Arid Environments},
number = {8},
pages = {675--680},
title = {{Nitrogen limitation in arid-subhumid ecosystems: A meta-analysis of fertilization studies}},
volume = {75},
year = {2011}
}
@article{Yuan2019,
author = {Yuan, Wenping and Zheng, Yi and Piao, Shilong and Ciais, Philippe and Lombardozzi, Danica and Wang, Yingping and Ryu, Youngryel and Chen, Guixing and Dong, Wenjie and Hu, Zhongming and Jain, Atul K. and Jiang, Chongya and Kato, Etsushi and Li, Shihua and Lienert, Sebastian and Liu, Shuguang and Nabel, Julia E.M.S. and Qin, Zhangcai and Quine, Timothy and Sitch, Stephen and Smith, William K. and Wang, Fan and Wu, Chaoyang and Xiao, Zhiqiang and Yang, Song},
doi = {10.1126/sciadv.aax1396},
issn = {23752548},
journal = {Science Advances},
number = {8},
pages = {1--12},
pmid = {31453338},
title = {{Increased atmospheric vapor pressure deficit reduces global vegetation growth}},
volume = {5},
year = {2019}
}
@article{Zaehle2005,
author = {Zaehle, S{\"{o}}nke and Sitch, S and Smith, B and Hatterman, F},
doi = {10.1029/2004GB002395},
issn = {08866236},
journal = {Global Biogeochemical Cycles},
number = {3},
pages = {GB3020},
title = {{Effects of parameter uncertainties on the modeling of terrestrial biosphere dynamics}},
volume = {19},
year = {2005}
}
@article{Zhu2019,
author = {Zhu, Qing and Riley, William J and Tang, Jinyun and Collier, Nathan and Hoffman, Forrest M and Yang, Xiaojuan and Bisht, Gautam},
doi = {10.1029/2018MS001571},
issn = {19422466},
journal = {Journal of Advances in Modeling Earth Systems},
number = {7},
pages = {2238--2258},
title = {{Representing nitrogen, phosphorus, and carbon interactions in the E3SM land model: development and global benchmarking}},
volume = {11},
year = {2019}
}
@article{Ziegler2020,
author = {Ziegler, Camille and Dusenge, Mirindi Eric and Nyirambangutse, Brigitte and Zibera, Etienne and Wallin, G{\"{o}}ran and Uddling, Johan},
doi = {10.3389/fpls.2020.500479},
issn = {1664462X},
journal = {Frontiers in Plant Science},
pages = {1--12},
title = {{Contrasting dependencies of photosynthetic capacity on leaf nitrogen in early- and late-successional tropical montane tree species}},
volume = {11},
year = {2020}
}
@article{Ziehn2011,
author = {Ziehn, T and Kattge, Jens and Knorr, Wolfgang and Scholze, M},
doi = {10.1029/2011GL047182},
issn = {00948276},
journal = {Geophysical Research Letters},
number = {10},
pages = {L10404},
title = {{Improving the predictability of global CO$_{2}$ assimilation rates under climate change}},
volume = {38},
year = {2011}
}
@article{Zaehle2014,
author = {Zaehle, S{\"{o}}nke and Medlyn, Belinda E and {De Kauwe}, Martin G and Walker, Anthony P and Dietze, Michael C and Hickler, Thomas and Luo, Yiqi and Wang, Ying Ping and El-Masri, Bassil and Thornton, Peter and Jain, Atul and Wang, Shusen and Warlind, David and Weng, Ensheng and Parton, William and Iversen, Colleen M and Gallet-Budynek, Anne and Mccarthy, Heather and Finzi, Adrien C and Hanson, Paul J and Prentice, I Colin and Oren, Ram and Norby, Richard J},
doi = {10.1111/nph.12697},
issn = {14698137},
journal = {New Phytologist},
number = {3},
pages = {803--822},
pmid = {24467623},
title = {{Evaluation of 11 terrestrial carbon-nitrogen cycle models against observations from two temperate Free-Air CO$_{2}$ Enrichment studies}},
volume = {202},
year = {2014}
}
